3202 5246
610 368 976 450 ..3..''

136 563 325 625 suetudinem
353 581 409 642 qua
433 582 485 643 per
507 564 688 644 aliquantum
710 565 853 646 temporis
876 564 974 627 omnia
996 565 1116 628 lubebat
1138 585 1154 628 e
1176 585 1275 628 remo·

133 667 258 728 tissimis
281 666 520 749 mirabilibusque
542 669 664 730 orientis
679 670 764 732 terris
780 677 913 749 repetere
928 668 1175 750 Megastheuis
1190 671 1276 733 testi-

135 772 239 832 monio
263 771 385 834 stabiliri
410 771 572 834 videbatur.
630 773 686 834 Sed
711 773 735 834 si
757 772 912 852 diligenter
935 771 1023 854 ‘atque
1045 782 1180 838 accurate
1208 793 1275 836 exa-

134 875 297 937 minaveris
319 873 516 954 Megasthenis
551 877 586 937 de
615 875 743 956 Dionyso
771 874 890 954 vernol)
924 893 1016 956 eaque
1044 894 1112 940 cum
1143 877 1180 940 iis
1203 897 1277 958 quae

134 979 215 1040 inter
224 976 398 1040 Macedones
412 987 528 1042 narrata
541 998 606 1041 esse
615 979 794 1058 scriptorum
803 978 957 1042 Alexandri
968 978 1064 1058 Magni
1079 999 1177 1044 rerum
1190 981 1276 1067 testi-

136 1081 247 1144 moniis
274 1089 400 1157 constat,
427 1083 650 1164 comparaveris,
678 1101 764 1164 spero
791 1083 856 1146 lore
878 1092 911 1146 ut
940 1101 1058 1146 mecum
1080 1093 1192 1146 statuas
1214 1084 1277 1148 Me-

135 1186 306 1265 gastbenem
331 1187 362 1246 in
384 1205 500 1248 summa
522 1205 644 1268 prorsus
675 1187 854 1249 consentire·
868 1205 935 1250 cum
958 1185 1150 1250 Macedonum
1172 1205 1277 1250 narra-

135 1289 283 1362 tionibus,
318 1309 393 1369 quaa
416 1299 513 1351 autem
538 1291 650 1353 addidit
677 1309 711 1352 ex
734 1291 876 1352 Indorum
908 1290 988 1352 cultu
1018 1291 1062 1352 vel
1084 1291 1206 1354 historia
1229 1309 1277 1354 ac·

136 1399 232 1473 cepta,
260 1393 391 1472 lepidum
415 1395 561 1474 estquod
585 1413 646 1456 non
669 1395 704 1456 ad
729 1395 798 1475 (xiva
822 1395 908 1457 deum
932 1394 1123 1476 pertinent⁸).

225 1497 307 1570 Quae
327 1495 502 1560 Macedones
521 1516 632 1578 eosque
648 1507 767 1560 secutus
788 1497 993 1578 Megasthenes
1004 1499 1040 1560 de
1051 1497 1156 1561 Bacchi
1184 1499 1214 1560 in
1227 1498 1275 1560 in·

135 1601 217 1662 diam
246 1599 320 1660 lacta
348 1599 535 1680 expeditione
562 1609 752 1663 narraverant
785 1621 919 1683 quaeque
945 1601 985 1663 ita
1008 1610 1174 1682 comparata
1198 1609 1278 1674 sunt

136 1711 172 1766 ut
184 1704 269 1765 facile
283 1705 379 1765 videas
391 1704 497 1766 bacchi
520 1705 596 1768 lacta
609 1707 643 1767 ad
656 1706 812 1768 Alexandri
826 1706 992 1786 exemplum
1006 1705 1101 1768 efficta
1113 1706 1158 1768 vel
1169 1705 1280 1768 immu-

135 1814 199 1869 tata
223 1825 357 1888 essequo
382 1808 475 1869 maior
487 1809 641 1870 Alexandri
653 1810 759 1872 Bacchi
781 1810 937 1872 imitatoris
959 1809 1051 1888 gloria
1074 1811 1220 1884 evaderet,
1243 1809 1279 1872 iis

137 1929 209 1972 mox
233 1929 308 1972 nova
332 1911 511 1974 accedebant
534 1931 608 1992 quae
633 1915 710 1976 unde
732 1922 796 1976 orta
819 1914 879 1976 sint
902 1913 1048 1976 difficilius
1072 1913 1159 1975 etiam
1175 1921 1222 1975 est
1243 1913 1278 1974 ad

138 2016 358 2077 enucleandum
387 2033 476 2096 quam
507 2015 564 2078 illa.
614 2017 715 2097 Neque
737 2017 833 2079 adhuc
862 2017 934 2078 mihi
965 2017 1115 2096 contigit,
1136 2024 1170 2078 ut
1191 2017 1279 2097 primi

138 2121 287 2182 eiusmodi
309 2119 425 2180 fabulae
443 2121 594 2193 momenti,
616 2121 844 2202 triumphum¹
859 2120 939 2182 dico
960 2120 1086 2183 Bacchi
1101 2119 1281 2188 Indicum,

137 2225 257 2304 plenam
285 2241 404 2303 possem
429 2233 457 2298 et
479 2225 597 2304 planam
622 2225 743 2306 originis
766 2224 917 2286 historiam
941 2241 1117 2304 proponere.
1149 2224 1281 2286 Primum

139 2328 221 2389 enirn
259 2327 392 2389 imitandi
419 2327 505 2390 vices
539 2348 611 2409 quas
639 2329 727 2392 modo
760 2329 843 2408 tetigi
871 2329 918 2390 hic
945 2345 1007 2389 non
1035 2327 1103 2390 licet
1124 2346 1218 2408 usquc
1245 2329 1279 2388 ad

139 2442 253 2496 certum
270 2431 360 2498 finem
376 2433 515 2513 persequi
531 2451 653 2494 —nam
666 2441 767 2494 utrum
783 2432 896 2493 baccho
913 2450 950 2493 an
966 2432 1129 2494 Alexandro
1151 2431 1281 2512 primurn

138 2533 310 2612 triumphus
334 2533 496 2617 adscriptus
514 2537 551 2596 sit
566 2536 667 2598 nescio
682 2571 733 2608 -,
755 2543 818 2596 tum
842 2534 1030 2614 investiganti
1052 2535 1151 2596 obstat
1172 2534 1281 2597 lubrica

138 2635 317 2716 scriptorum
342 2637 427 2711 fides,
453 2641 512 2719 'qui
536 2641 571 2700 de
593 2641 647 2701 hac
669 2657 701 2700 re
723 2637 813 2700 locuti
837 2637 949 2717 sumt).

228 2741 286 2802 Sed
316 2760 374 2820 quo
398 2740 589 2804 debilioribus
618 2743 688 2804 baec
710 2742 807 2804 fabula
839 2743 894 2803 niti
921 2741 1038 2804 videtur
1068 2739 1281 2814 fundamentis,

141 2865 177 2907 eo
201 2844 364 2906 mirabilius
387 2847 525 2925 estquod
541 2855 645 2926 postea
666 2847 704 2908 ita
725 2845 892 2926 pervolgata
909 2853 963 2918 est,
986 2852 1019 2904 ut
1040 2844 1070 2904 in
1094 2843 1152 2906 vita
1167 2844 1281 2924 publica

140 2950 226 3031 poesi
250 2958 311 3012 arte
334 2969 387 3031 per
409 2958 503 3011 totam
519 2950 727 3030 antiquitatem
749 2948 812 3010 eius
836 2948 955 3027 vestigia
971 2953 1128 3009 occurrant
1143 2948 1282 3026 frequen-

141 3053 258 3115 tissima
286 3062 314 3114 et
341 3054 455 3115 fabulae
485 3053 742 3126 conformationis,
775 3052 810 3114 de
837 3070 893 3132 qua
921 3068 1003 3112 nunc
1031 3049 1160 3142 agimus,
1194 3051 1282 3112 cardo

142 3177 236 3238 paene
259 3165 340 3219 totus
363 3159 395 3219 in
419 3179 450 3220 ea
474 3167 615 3221 versetur.
729 3199 732 3206 ·

229 3261 310 3334 Quae
326 3261 433 3333 ¹omnia
457 3281 545 3324 nemo
572 3261 718 3342 putaverit
741 3259 879 3322 accidisse
909 3258 939 3318 in
961 3257 1058 3318 labula
1082 3275 1157 3336 quae
1185 3276 1201 3318 a
1224 3257 1283 3318 Cli·
1373 3259 1384 3276 ¹

142 3366 243 3426 tancho
274 3365 434 3444 excogitata
469 3366 515 3427 sit.
561 3366 639 3439 Quas
667 3365 853 3426 difficultates
885 3362 920 3424 ab
955 3378 1013 3422 una
1047 3361 1165 3439 quidem
1199 3367 1283 3440 parte

144 3469 257 3530 solvere
285 3487 455 3548 possemus,
488 3471 512 3532 si
544 3471 579 3532 de
605 3469 713 3530 Indicis
736 3466 880 3539 moribus,
914 3482 1041 3545 quorum
1075 3463 1106 3524 in
1140 3463 1283 3544 triumphi

144 3571 277 3633 Raocbici
293 3572 494 3634 mentionibus
507 3573 625 3652 vestigia
641 3581 686 3634 sat
701 3571 776 3633 clara
792 3577 945 3650 apparent,
962 3567 1067 3630 melius
1084 3567 1179 3628 edocti
1201 3586 1283 3629 esse-

144 3693 222 3736 mus.
267 3675 399 3747 interim,
430 3676 525 3737 donec
548 3677 583 3737 ab
607 3676 779 3754 ‚lndologis‘v
801 3675 858 3735 hoc
880 3673 991 3735 factum
1014 3671 1066 3744 sit,
1097 3669 1167 3730 satis
1190 3669 1283 3732 habco

145 3778 332 3857 Oldenbergii
354 3779 542 3852 senteutiam,
566 3799 652 3859 quam
677 3778 798 3841 comiter
822 3795 937 3838 mecum
961 3772 1196 3844 communicavit,
1219 3773 1284 3834 Tibi

145 3883 339 3943 committere.
371 3882 427 3954 Qui
444 3903 518 3963 qnae
539 3883 676 3963 leguntur
693 3882 769 3962 apud
786 3880 963 3944 Strabonem
975 3878 1025 3938 XV
1037 3898 1065 3957 p.
1082 3874 1143 3936 718
1157 3875 1225 3955 Cap.
1244 3875 1283 3937 69

145 3978 225 4046 ὅταν
241 3980 277 4045 δὲ
296 3983 450 4064 βασιλεὺς
473 3980 553 4072 λούῃ
575 3985 633 4069 τὴν
654 3989 757 4067 τρίχα,
780 3980 925 4067 μεγάλην
947 3978 1061 4064 ἑορτήν
1087 3977 1205 4054 ἄγουσι
1229 3977 1284 4042 καὶ

145 4085 272 4168 μεγάλα
294 4087 383 4170 δῶρα
407 4090 578 4170 πέμπουσι
608 4087 665 4153 τὸν
694 4085 810 4152 ἑαυτοῦ
833 4086 976 4150 πλοῦτον
998 4087 1132 4156 ἕκαστος
1154 4080 1285 4144 ἐπιδει-

146 4182 306 4270 πινόμενοςΙ
323 4191 405 4253 κατὰ
431 4186 572 4275 ἅμιλλαν
594 4213 669 4275 quae
690 4193 791 4254 nescio
815 4211 853 4254 an
875 4192 911 4253 ab
933 4192 997 4272 ipso
1011 4187 1198 4266 Megasthene
1213 4204 1284 4266 pro·

146 4295 220 4358 lecta
243 4297 313 4368 sint,
339 4297 462 4358 fortasse
484 4298 518 4358 ad
543 4298 676 4358 indicum
700 4297 848 4378 quendam
869 4295 960 4357 ritum
982 4291 1128 4372 pertinere
1150 4289 1284 4360 coniecit,

148 4408 232 4468 ouius
255 4405 413 4483 descriptio
447 4409 559 4464 extaret
589 4402 744 4463 Paraskara
766 4401 802 4472 ll,
837 4399 864 4470 1,
897 4404 927 4458 et
956 4393 1166 4474 descriptiones
1199 4411 1285 4473 pom-

148 4529 251 4594 parum
276 4510 375 4590 quales
398 4508 429 4566 in
453 4505 556 4567 eodem
582 4506 734 4567 Strabonis
757 4506 830 4576 loco,
859 4517 947 4581 quem
977 4497 1084 4560 iniuria
1107 4507 1201 4560 totum
1225 4496 1284 4557 Cli-

1093 4599 1126 4654 l*
