3202 5246
789 396 1105 460 -at-·

418 577 498 640 inter
525 577 576 638 has
607 571 734 636 Bacchas
760 573 932 654 interposita
959 583 1005 634 est
1032 580 1093 634 tota
1119 569 1231 650 reliqua
1256 587 1374 640 scaena,
1405 587 1491 646 quae

333 681 408 744 clare
423 680 454 742 in
470 679 543 742 duas
571 677 710 740 dividitur
732 685 841 759 partes,
863 694 990 757 quarum
1020 674 1151 737 anterior
1176 681 1293 736 constat
1318 671 1489 750 elephanto

238 771 243 782 ¹
332 803 421 866 parvo
449 803 508 864 quo
532 783 590 844 duo
616 782 723 863 captivi
748 782 899 844 vehuntur
927 781 1042 842 diverso
1068 777 1188 859 quidem
1215 777 1251 838 ab
1274 776 1425 838 elemento
1462 795 1489 844 e,

334 898 396 950 tum
419 886 556 962 Bacchi1)
586 903 685 958 curru,
713 903 799 966 quem
824 885 973 966 praeeedit
994 882 1111 945 Silenus
1137 881 1240 943 similis
1262 889 1332 962 typo
1348 900 1393 954 er,
1421 879 1489 940 nisi

333 992 412 1071 quod
449 991 570 1053 nebride
615 990 703 1052 modo
744 990 867 1052 amictus
911 999 966 1058 est,
1011 986 1061 1067 qui
1103 983 1262 1066 pantheras
1308 984 1401 1056 ducit,
1453 992 1490 1044 ut

334 1095 394 1156 Pan
427 1095 458 1156 in
489 1095 582 1164 hla,
608 1093 694 1154 -id
726 1095 804 1174 quod
836 1093 865 1154 iu
889 1092 967 1154 Eich.
998 1098 1079 1152 extra
1109 1107 1229 1151 omnem
1260 1086 1488 1148 dubitationem

334 1208 467 1262 versatur
495 1229 537 1242 -
572 1207 601 1260 et
631 1198 756 1259 fortasse
785 1198 864 1258 laeva
891 1194 1041 1257 nitebatur
1069 1193 1175 1256 baculo
1202 1191 1346 1265 ieruliuo,
1373 1190 1488 1252 deinde

334 1301 407 1364 haee
437 1321 505 1381 pars
535 1319 611 1381 quae
640 1300 673 1362 in
692 1299 819 1378 imagine
849 1299 960 1362 eminet
990 1298 1069 1361 mulo
1100 1305 1216 1360 constat
1242 1295 1315 1358 colle
1332 1293 1486 1355 tintinna-

335 1405 404 1466 bulo
427 1412 532 1467 ornato
548 1405 578 1465 in
594 1424 653 1485 quo
674 1404 758 1466 sedet
784 1421 857 1482 puer
887 1403 984 1466 nudus
1014 1403 1065 1482 qni
1094 1401 1255 1464 canistrum
1286 1405 1386 1480 portat
1416 1399 1486 1456 lru-

335 1508 424 1587 gibus
450 1509 607 1589 repletum.
652 1507 685 1568 ln
716 1516 847 1569 extrema
870 1524 975 1569 scaena
996 1505 1047 1567 'sic
1075 1523 1219 1585 personae
1249 1524 1281 1566 se
1312 1501 1488 1582 excipiunt:

336 1628 414 1691 pone
446 1611 634 1692 elephantum
666 1618 711 1672 est
733 1609 844 1672 Baccha
867 1610 902 1684 h,
930 1609 1065 1690 sequitur
1088 1608 1209 1681 Baccha,
1238 1626 1327 1689 quam
1358 1617 1487 1690 propter

336 1714 455 1776 brachia
478 1733 554 1796 quae
577 1713 690 1775 sublata
712 1713 803 1776 luisse
825 1713 990 1793 fragmenta
1015 1714 1122 1775 dooent
1143 1719 1216 1792 puto
1239 1713 1332 1774 fuisse
1354 1731 1381 1791 g.

424 1818 493 1878 Post
515 1817 661 1879 bacchum
685 1817 720 1878 ab
744 1827 867 1898 utraque
900 1825 983 1898 parte
1017 1817 1075 1880 duo
1097 1818 1225 1898 virgines
1254 1816 1486 1896 conspiciuntur

337 1921 416 2002 galea
439 1929 469 1983 et
491 1920 582 2007 clipeo
605 1929 734 1983 armatae
757 1921 869 1998 (Virtus
892 1931 923 1984 et
945 1922 1086 1996 Bellona).
1122 1921 1194 1984 Post
1209 1921 1342 1984 Silenum
1358 1920 1484 1999 Satyrus

338 2033 492 2105 comparet
507 2025 584 2086 laeva
597 2025 706 2104 pedum
720 2034 837 2097 tenens,
859 2025 891 2087 in
914 2027 1014 2089 dextra
1038 2026 1101 2088 eius
1117 2026 1264 2106 syringem
1280 2023 1372 2086 luisse
1395 2024 1485 2084 docet

338 2128 409 2192 Cob.
429 2126 569 2207 Sequitur
584 2127 694 2188 baccha
711 2124 732 2188 d
747 2146 821 2207 quae
837 2146 918 2190 nunc
933 2129 1061 2190 tabulam
1077 2129 1157 2206 finit3
1180 2135 1327 2191 curvatam
1351 2127 1416 2188 eius
1440 2126 1483 2189 ti-

337 2233 416 2295 biam
426 2239 455 2294 et
467 2239 717 2312 quaesequuntur
727 2231 807 2293 solus
823 2232 948 2294 serravit
959 2231 1029 2294 Cob.
1046 2234 1118 2295 Post
1129 2251 1256 2314 puerum
1270 2231 1349 2294 mulo
1361 2237 1482 2292 rectum

253 2343 255 2347 ’
338 2337 374 2398 ab
390 2345 517 2416 utraque
539 2341 622 2414 parte
644 2342 715 2398 sunt
730 2335 841 2398 baceho
864 2336 985 2398 adversa
1009 2337 1118 2398 saltans
1141 2355 1208 2398 eum
1231 2346 1311 2399 veste
1327 2335 1483 2407 undulata,

339 2459 414 2519 quae
436 2439 469 2502 in
491 2437 661 2500 uuiversum
686 2439 838 2520 conspirat
860 2459 926 2502 cum
951 2439 981 2513 d,
1003 2449 1032 2502 et
1054 2441 1166 2502 Baccha
1189 2459 1257 2503 cum
1279 2447 1413 2520 tropaeo.

285 2780 318 2831 23
424 2765 474 2828 23.
518 2768 789 2830 VillaPamiili.
834 2765 1021 2830 nt-u2278.
1065 2768 1168 2830 liich.

424 2870 585 2953 Descriptio
606 2871 854 2935 hlatz-Duhniana
877 2890 999 2952 prorsus
1023 2873 1175 2953 conspirat
1197 2890 1264 2934 oum
1288 2871 1414 2934 Eichleri
1436 2881 1480 2934 ta-

338 2973 417 3046 bula,
441 2975 480 3036 ita
504 2985 537 3038 ut
559 2976 630 3037 nihil
655 2976 728 3038 mihi
750 2984 843 3038 restet
879 2977 1057 3039 addendum.
1109 2978 1167 3039 Sed
1192 2976 1277 3037 velim
1301 2975 1477 3048 consideres,

340 3087 484 3157 quantum
506 3080 538 3141 in
554 3080 677 3161 singulis
701 3081 812 3143 diversa
824 3081 885 3143 sint
900 3083 973 3143 haec
983 3081 1140 3161 anaglypha
1164 3099 1240 3160 quae
1263 3079 1295 3140 in
1311 3079 1476 3142 universum

341 3183 454 3262 optime
476 3183 555 3245 inter
577 3203 609 3246 se
631 3186 831 3247 consentiunt.
877 3185 910 3245 ln
940 3204 997 3264 qua
1025 3203 1057 3245 re
1084 3182 1289 3261 grauissimum
1313 3193 1371 3257 est,
1403 3183 1477 3263 quod

341 3303 400 3346 non
424 3305 499 3366 puer
521 3288 573 3349 sed
597 3289 716 3352 Silenus
736 3289 787 3351 hic
810 3289 891 3351 mulo
908 3290 1032 3359 vehitur,
1057 3297 1085 3350 et
1101 3287 1193 3350 Sileni
1215 3287 1280 3350 loco
1303 3287 1365 3349 Pan
1387 3287 1477 3365 bigam

341 3389 430 3450 ducit.

425 3493 519 3555 Huius
542 3494 714 3574 sarcophagi
736 3494 833 3574 imago
863 3504 907 3556 est
935 3496 1012 3557 inter
1040 3515 1089 3557 eas
1119 3514 1192 3576 quas
1219 3495 1352 3557 condidit
1380 3494 1475 3565 Pozzo,

341 3595 394 3674 qui
415 3596 505 3658 etiam
528 3597 697 3678 anaglypha,
729 3599 837 3679 quibus
865 3601 954 3661 latera
983 3607 1085 3662 ornata
1109 3608 1209 3674 erant,
1239 3579 1375 3680 quaeque
1404 3615 1476 3659 nunc

343 3699 481 3762 ridentur
496 3701 648 3781 deperdita
671 3722 746 3775 esse,
768 3703 872 3784 pinxit.
904 3703 937 3764 ln
960 3703 1050 3765 latere
1071 3704 1152 3765 laevo
1175 3702 1317 3782 repetitus
1341 3708 1402 3764 erat
1422 3702 1474 3762 ele·
1584 3713 1586 3786 l

342 3805 414 3884 phas
438 3805 485 3865 ille
508 3823 576 3866 cunr
600 3806 722 3886 captivis
749 3827 765 3868 e
788 3807 877 3868 latere
900 3808 1039 3880 adverso,
1073 3827 1161 3888 quem
1184 3807 1248 3868 loro
1270 3805 1352 3868 ducit
1373 3806 1475 3868 Bnecha

342 3925 410 3968 cum
435 3915 554 3987 tropaeo
578 3928 593 3970 a
615 3929 672 3990 qua
694 3911 797 3992 incipit
819 3911 917 3974 lateris
939 3912 1053 3974 adversi
1076 3911 1281 3992 anaglyphum.
1326 3910 1360 3971 lu
1381 3909 1474 3971 dextro

342 4011 431 4072 latere
454 4010 512 4074 duo
529 4021 600 4074 sunt
615 4014 738 4076 iuvenes
751 4015 854 4095 galeati
866 4015 961 4095 gladio
977 4015 1131 4096 clipeoque
1148 4013 1251 4076 armati
1264 4013 1363 4075 amicti
1382 4012 1474 4074 calceis

342 4121 372 4174 et
394 4123 475 4176 veste
498 4117 624 4196 quadam
646 4118 741 4197 brevi,
764 4119 849 4182 cuius
871 4118 999 4182 formam
1021 4137 1088 4182 cum
1113 4118 1243 4180 veritatis
1270 4116 1367 4197 speeie
1388 4124 1476 4180 careat

343 4233 403 4276 non
429 4218 526 4298 opilici
548 4221 600 4282 sed
623 4222 728 4302 pictori
752 4222 915 4286 tribuerim.

411 4447 433 4509 ι)
452 4447 573 4500 Bacchum
591 4451 708 4517 thyrsum
727 4452 842 4502 tenuisse
866 4452 992 4518 reliquiae
1011 4453 1103 4502 docent
1126 4466 1188 4518 quas
1207 4449 1342 4502 llieblerus
1368 4457 1476 4502 accurata

344 4532 467 4600 depinxit.
