3202 5246
591 411 813 477 ..35-

583 715 587 726 .
665 659 728 722 132.

683 824 704 885 l.

206 987 264 1050 24.
308 988 340 1047 V.
365 987 524 1052 Pamlili.
569 987 754 1052 itt-utem.
799 990 897 1052 Eich.

206 1093 267 1154 Hic
290 1092 497 1174 sarcophagus.
533 1092 706 1155 vilissimum
731 1111 815 1174 opus,
844 1101 961 1174 praeter
988 1092 1059 1154 illud
1088 1095 1166 1174 quod
1189 1095 1273 1157 sedet

94 1197 270 1268 Bacchus,
294 1196 395 1259 similis
420 1205 466 1259 est
489 1197 606 1260 duobus
628 1196 783 1278 prioribus.

209 1301 254 1361 Ad
277 1299 612 1380 descriptionem'all·l)
636 1302 799 1364 conlectam
816 1301 926 1362 adnoto
949 1316 1024 1379 quae
1048 1299 1120 1362 mihi
1142 1299 1271 1363 llichleri

99 1403 258 1466 tabulam
283 1403 462 1466 examinanti
477 1404 562 1466 aliter
583 1403 644 1464 visa
668 1404 744 1466 sint:
770 1405 907 1468 Primum·
919 1405 1059 1468 ridiculae
1073 1403 1139 1466 illae
1161 1404 1272 1466 bestiae

99 1507 236 1588 quibus
260 1507 321 1568 Pan
344 1507 502 1586 praecedit,
524 1507 549 1569 si
571 1507 661 1569 modo
685 1509 745 1569 ullo
768 1509 889 1571 nomine
912 1508 973 1570 sint
1001 1507 1116 1586 dignae,
1146 1507 1273 1570 tortasse

100 1612 226 1692 aptius
256 1611 300 1671 vel
329 1610 427 1691 potius
449 1610 556 1673 minus⁴
576 1611 675 1691 inepte
702 1613 948 1694 camelopardalas
976 1611 1147 1673 audiverint.
1191 1610 1273 1684 Quae

102 1725 186 1779 tum
215 1698 413 1777 recensentur
429 1714 559 1780 Bacchae
581 1723 652 1776 sunt
675 1711 696 1775 d
717 1725 746 1775 et
769 1716 797 1787 lr,
821 1717 943 1796 Satyrus
967 1721 1011 1776 est
1027 1731 1056 1776 n.
1080 1714 1162 1788 Quae
1184 1731 1272 1796 prae-

102 1827 210 1882 terea
235 1817 443 1880 describuntur
473 1818 583 1897 figurae
611 1817 777 1896 dequibus
804 1817 883 1880 inter
904 1817 1040 1880 llatzium
1069 1824 1098 1879 et
1120 1817 1270 1881 lluhnium

104 1942 186 1986 non
213 1921 362 1995 convenit,
384 1929 454 1983 sunt
471 1921 568 1983 Virtus
591 1928 620 1982 et
642 1919 760 1982 Bellona
783 1920 870 2000 plane
893 1929 926 1983 ut
948 1921 979 1983 in
1003 1919 1044 1981 22
1067 1927 1098 1984 ot
1120 1920 1171 1984 23.

565 2235 572 2257 .
682 2145 774 2224 n·

213 2323 262 2384 25.
287 2323 316 2382 V.
329 2319 510 2382 Ludorisi.
535 2317 774 2382 Schreiber142.
798 2319 867 2382 ill-D
884 2319 976 2384 2285.
994 2319 1064 2384 c0b.
1077 2317 1134 2382 57:
1157 2318 1185 2380 ll
1201 2318 1270 2382 139.
1289 2320 1321 2374 25

113 2429 191 2490 Pet.
214 2426 245 2487 C.
290 2425 387 2486 Eich.

213 2529 265 2590 Vix
295 2529 374 2589 inter
407 2526 569 2606 anaglypha
605 2546 680 2607 quae
717 2527 901 2608 triumphum
935 2526 1067 2591 indicum
1103 2527 1271 2610 exprimant

115 2633 364 2695 enumerandum
399 2641 443 2693 est
477 2632 547 2703 hec,
581 2649 649 2692 nam
672 2631 815 2692 Victoriae
849 2631 885 2692 de
918 2650 975 2712 qua
1009 2631 1153 2694 dubitarit
1183 2630 1268 2693 etiam

118 2736 323 2801 Schreiberus
348 2736 379 2811 (l.
403 2737 434 2809 l.)
459 2734 580 2794 omnino
602 2733 717 2794 nullum
740 2734 770 2795 in
792 2733 873 2794 Eich.
896 2742 975 2796 extat
998 2735 1163 2815 vestigium.

213 2841 269 2901 Sed
293 2839 370 2901 aliud
395 2839 472 2900 inest
494 2837 572 2917 quod
595 2854 665 2898 sane
689 2855 749 2898 non
774 2834 830 2897 nisi
846 2837 973 2899 admissa
989 2838 1119 2918 analogia
1142 2837 1268 2918 quadam

116 2963 192 3007 cum
218 2943 369 3022 triumpho
386 2943 486 3004 lndieo
509 2940 714 3020 explicandum
738 2949 791 3012 est,
817 2939 951 3001 Silenum
972 2941 1047 3014 dico,
1071 2943 1122 3022 qui
1145 2959 1269 3022 prorsus

117 3049 160 3111 ad
177 3047 282 3109 Bacchi
306 3045 473 3124 exemplum
491 3044 597 3123 Satyro
613 3043 709 3116 nixus,
733 3061 824 3106 curru
847 3043 1018 3124 triumphali
1041 3045 1158 3107 vehitur
1180 3063 1267 3125 quem

117 3151 248 3213 trahunt
270 3149 410 3211 centauri.

211 3253 384 3315 Communia
408 3251 496 3313 habet
518 3270 585 3314 cum
609 3251 713 3314 ceteris
747 3249 916 3330 anaglyphis
938 3253 1107 3328 fortasser
1134 3267 1267 3312 -nam

120 3362 270 3422 incertum
299 3365 358 3428 est,
387 3365 485 3417 utrum
515 3356 578 3417 Pan
601 3356 663 3417 loro
687 3356 803 3417 duxerit
831 3355 989 3437 pantheras
1011 3372 1107 3418 necne
1129 3387 1171 3400 -
1193 3351 1267 3416 ller-

125 3463 224 3525 culem
245 3459 275 3524 fa
299 3458 441 3521 Baccham
465 3457 529 3536 h1).
552 3459 644 3520 Adest
671 3467 823 3540 praeterea
847 3459 968 3539 Satyrus
995 3458 1081 3521 tibias
1104 3457 1211 3520 inllans
1234 3467 1268 3520 ut

123 3565 237 3629 Baccha
261 3559 289 3634 d,
319 3581 394 3642 quae
417 3563 508 3640 figura
532 3561 770 3642 frequentissima
800 3561 898 3623 estin
922 3562 1034 3640 thias03
1062 3561 1092 3624 in
1115 3561 1266 3644 triumpho

124 3670 226 3732 lndico
251 3667 346 3730 adhuc
368 3664 501 3727 nondum
525 3664 647 3726 inventa
670 3672 726 3726 est.

210 3934 308 3996 Classe
334 3936 357 3998 B
384 3938 516 4000 absoluta
544 3939 635 4000 linem
663 3939 755 4001 totius
778 3939 888 4002 ordinis
913 3941 936 4001 ll
959 3940 1045 4003 iaciat
1065 3939 1264 4019 fragmentum

126 4037 204 4118 quod
237 4055 298 4100 non
330 4058 454 4120 possum
478 4060 537 4104 non
561 4043 630 4104 huic
663 4043 759 4104 ordini
783 4043 952 4116 attribuere,
981 4061 1161 4125 quamquam
1185 4042 1263 4122 qnod

126 4142 227 4202 stilum
256 4143 363 4205 attinet
390 4145 477 4223 longe
499 4146 610 4208 recedit
632 4165 648 4207 a
672 4146 776 4209 ceteris
800 4147 1017 4228 exemplaribus
1039 4147 1146 4227 quibus
1170 4145 1264 4208 multo

125 4243 241 4307 ridetur
272 4264 337 4308 esse
366 4249 534 4312 vestustius.
587 4251 646 4314 Sed
668 4258 762 4334 'typus
790 4269 913 4332 prorsus
935 4251 1012 4312 idem
1037 4257 1083 4312 est
1105 4259 1194 4333 atque
1216 4250 1264 4312 ille

124 4393 336 4404 ——n

193 4475 213 4540 ¹)
236 4474 259 4526 ld
278 4475 342 4542 qnod
362 4478 510 4542 praesertim
530 4494 561 4530 ex
580 4479 649 4530 lliclr.
667 4485 781 4544 apparat.
799 4505 831 4516 -
851 4476 960 4529 Matrins
978 4473 1044 4527 lalso
1067 4475 1132 4528 dicit
1149 4474 1263 4543 cymbala

125 4575 178 4612 earn
197 4569 342 4614 concutere.

1070 4648 1104 4704 3*
