3202 5246
189 1277 473 1378 Monumentorum
496 1327 570 1391 quae
592 1309 628 1372 ad
650 1301 779 1374 indicam
802 1312 906 1375 Bacchi
931 1311 1145 1394 expeditionem
1177 1332 1246 1396 per-

105 1421 206 1482 tinent
229 1417 392 1496 catalogum
416 1416 531 1476 edituro
554 1421 646 1495 pauca
669 1417 889 1496 praemonenda
912 1427 982 1479 suut
1004 1417 1041 1479 de
1062 1415 1160 1480 fabula
1176 1417 1247 1497 ipsa.

107 1523 152 1584 De
176 1541 235 1602 qua
257 1539 324 1582 eum
346 1520 377 1580 in
401 1519 551 1581 nonnullis
577 1519 664 1582 rebus
698 1520 784 1582 aliter
817 1520 942 1584 sentiam
977 1529 1066 1602 atque
1098 1521 1247 1602 plerisque

106 1627 180 1689 viris
204 1626 296 1688 doctis
320 1624 416 1686 adhuc
438 1623 556 1704 placuit,
579 1624 662 1685 valde
686 1623 769 1686 deleo
792 1625 872 1704 quod
894 1633 923 1686 et
945 1623 1053 1687 linibus
1074 1614 1145 1688 huic
1165 1645 1249 1688 eom·

110 1729 289 1796 mentatioui
320 1727 550 1808 circumscriptis
583 1735 612 1789 et
638 1729 785 1809 temporis
818 1727 976 1807 exiguitate
1004 1736 1035 1791 et
1057 1727 1121 1791 aliis
1154 1729 1248 1792 causis

107 1835 269 1916 impeditus
291 1852 366 1906 sum,
390 1831 550 1912 quominus
573 1831 749 1894 testimoniis
773 1831 926 1912 dihgenter
952 1833 1137 1914 pertractatis
1160 1851 1248 1912 argu-

108 1937 279 2018 mentisque
313 1937 427 2018 idoneis
461 1935 553 1998 allatis
576 1955 652 2016 quae
675 1936 711 1998 de
735 1935 796 1998 eius
818 1936 933 1998 fabulae
956 1937 1067 2012 indole
1085 1946 1152 1999 ortu
1178 1955 1250 2018 pro*

107 2035 273 2123 pagatione'
289 2041 459 2102 enucleasse
481 2039 555 2100 mihi
577 2039 675 2101 videor
696 2039 765 2101 viris
789 2039 882 2102 doctis
905 2041 1031 2122 probare
1047 2059 1144 2103 coner.
1170 2041 1248 2103 Satis

107 2147 197 2228 igitur
219 2144 312 2206 haheo
334 2144 463 2206 breviter
485 2143 628 2221 indicare,
663 2144 778 2224 qualern
809 2163 861 2222 ego
895 2144 969 2205 mihi
1002 2145 1249 2206 conformaverim

108 2250 297 2312 sententiam.
344 2250 438 2322 Quam
469 2248 554 2328 plena
578 2256 606 2308 et
628 2255 760 2309 accurata
789 2247 1043 2327 argumentatione
1072 2247 1248 2320 stabiliendi,

109 2355 137 2416 si
159 2353 232 2414 mihi
254 2353 377 2414 facultas
400 2369 488 2432 quam
519 2351 712 2413 vehementer
735 2351 868 2420 desidero
891 2369 954 2413 nen
978 2351 1043 2426 erit,
1077 2371 1165 2433 spero
1187 2357 1251 2416 lore

108 2467 144 2520 ut
165 2492 207 2502 —
230 2457 255 2518 si
276 2457 350 2518 tanti
374 2467 419 2518 est
440 2491 482 2500 --
505 2455 541 2516 ab
564 2455 620 2516 alio
641 2455 765 2518 fortasse
789 2456 983 2518 examinetur.

196 2561 273 2622 Duas
303 2560 382 2621 enirn
416 2559 533 2620 fabulae
556 2559 671 2620 Indicae
703 2563 814 2622 formas
847 2562 926 2622 inter
948 2580 979 2622 se
1002 2561 1087 2640 plane
1121 2560 1250 2623 diversas

109 2665 157 2726 vel
178 2665 277 2745 potius'
305 2665 398 2740 ⁴duas
433 2671 467 2725 et
500 2663 647 2743 origine
680 2671 715 2724 et
748 2664 881 2726 indole
910 2664 1082 2726 diversas
1105 2663 1250 2726 fabulas

108 2769 243 2830 extitisse
262 2787 438 2848 persuasum
454 2768 557 2828 babeo.
602 2767 734 2840 Quarum
751 2767 879 2840 altera,
897 2769 981 2846 cuius
996 2787 1049 2849 per
1063 2775 1156 2829 tetam
1172 2767 1251 2830 anti·
1324 2790 1326 2794 ’

109 2871 254 2952 quitatem
288 2871 376 2932 altera
411 2870 503 2931 multo
530 2870 672 2932 celebrior
694 2871 786 2933 luisse
808 2872 923 2933 ridetur
946 2872 1099 2946 memoria,
1128 2871 1252 2933 debetur
1287 2929 1291 2936 .

110 2968 309 3036 Alexandri
331 2973 448 3052 Magni
470 2974 708 3053 expeditioni
730 2975 891 3037 Indicae:

197 3077 316 3140 Etenim
339 3078 530 3140 consentiunt
552 3081 583 3140 in
607 3080 778 3141 universum
796 3097 839 3140 vv.
856 3077 904 3139 dd.
925 3077 957 3140 in
973 3097 1007 3140 eo
1024 3079 1103 3159 quod
1119 3077 1251 3140 ludicam

112 3182 330 3264 expeditionem
371 3181 575 3262 amplificatam
621 3189 816 3262 ornatamque
850 3199 915 3243 esse
945 3189 1052 3262 putant
1085 3201 1120 3242 ex
1151 3181 1252 3244 lndiae

113 3305 202 3367 quarn
227 3286 391 3346 Alexander
413 3285 549 3364 patefecit
572 3285 754 3364 cognitione,
774 3295 962 3367 propagatam
987 3304 1002 3346 a
1025 3284 1265 3364 regis-adulam·

112 3390 206 3463 ribus,
230 3388 364 3468 quinon
394 3389 457 3450 sine
486 3388 580 3468 ipsius
608 3389 758 3450 voluntate
781 3398 810 3451 et
833 3408 982 3452 consensu
1012 3409 1079 3452 cum
1111 3381 1251 3452 heroibus

114 3503 143 3556 et
165 3493 232 3555 deis
250 3513 318 3555 eum
344 3492 565 3572 comparabant,
594 3491 678 3554 cuius
703 3497 777 3554 lacta
801 3512 839 3554 ne
861 3493 987 3554 heroum
1021 3491 1140 3572 quidem
1167 3494 1251 3556 iactis

113 3597 231 3678 aequari
255 3599 395 3679 cuiusque
418 3595 571 3677 ingenium
594 3595 781 3676 pulchritudo
804 3604 865 3658 tota
887 3597 1000 3658 indoles
1024 3616 1057 3658 ao
1079 3603 1183 3658 natura
1205 3597 1251 3660 'xel

113 3701 193 3762 inter
226 3701 296 3763 deos
326 3702 467 3763 excellere
489 3700 668 3763 viderentur.
713 3699 870 3762 Dubitatur
903 3707 1016 3773 autem,
1050 3717 1124 3761 num
1155 3701 1251 3781 aliqua

113 3813 193 3866 certe
223 3804 301 3866 illius
326 3805 445 3866 'fabulae
474 3803 578 3865 notitia
605 3803 663 3864 iarn
686 3803 779 3883 priori
801 3804 889 3865 aetati
912 3803 1102 3866 adscribenda
1132 3804 1189 3880 sit3
1222 3803 1252 3865 id

114 3909 193 3989 quod
206 3927 289 3970 meae
300 3909 418 3987 quidem
435 3907 599 3969 sententiae
616 3905 780 3985 refragatur
795 3925 884 3988 quam
900 3905 1169 3980 vehementissime,
1189 3906 1252 3986 pri-

115 4029 198 4074 mum
215 4011 294 4092 quod
314 4011 429 4073 nullum
446 4017 525 4072 extat
544 4009 748 4071 testimonium
764 4009 918 4071 Alexandri
938 4016 1032 4071 aetate
1048 4009 1199 4090 antiquius
1211 4045 1253 4054 -—

115 4133 183 4176 uam
200 4115 280 4196 quod
295 4114 326 4176 in
342 4114 472 4177 Philooh.
489 4114 544 4192 ing.
558 4113 598 4174 23
615 4101 714 4175 inesse
729 4113 825 4174 visum
840 4119 886 4174 est
897 4112 1031 4175 Dinarchi
1048 4113 1251 4174 testimonium

115 4220 230 4282 nullum
254 4226 298 4281 est
321 4253 372 4290 —-‚
395 4226 460 4280 tum
483 4219 562 4298 quod
584 4218 614 4279 in
629 4218 693 4299 ipsa
708 4216 866 4279 Alexandri
892 4215 1080 4297 expeditione
1105 4217 1249 4296 originem

70 4371 71 4380 ,
115 4323 231 4385 iabulae
247 4341 339 4403 paene
372 4322 408 4383 ab
442 4321 628 4384 incunabulis
651 4321 807 4382 observare
829 4320 905 4381 licet.
957 4319 999 4379 lie
1022 4337 1080 4399 qua
1102 4338 1136 4381 re
1160 4321 1251 4381 multa

116 4436 193 4490 reete
216 4425 374 4508 disputavit
396 4425 536 4505 llampius
559 4425 589 4485 in
614 4424 821 4486 dissertatione
844 4424 965 4484 Bonnae
989 4422 1066 4484 edita
1084 4423 1178 4485 1864:
1201 4423 1253 4483 ‘lie

117 4531 276 4592 Ptolemaei
299 4529 481 4609 Philadelphi
503 4547 610 4611 pompa
633 4527 779 4590 Bacchioe'
803 4549 831 4608 p.
850 4523 983 4587 15—20.
1289 4488 1345 4589 {l

169 4631 242 4681 Graes,
256 4630 283 4672 de
297 4630 376 4672 Bacchi
390 4628 530 4682 expeditione
546 4629 629 4674 ludios.
1081 4631 1093 4680 1
