3202 5246
622 428 817 492 ..5-

236 609 366 671 Bacchus
390 610 476 672 stelas
500 609 635 689 posuisse
658 614 795 672 narratur
817 607 861 670 bis
885 605 974 669 loeis:
1036 690 1038 696 y

235 712 352 774 Diodor.
390 713 474 774 120.
518 715 557 776 id.
580 717 619 779 lll
643 720 682 781 74

235 816 403 896 Apollodori
425 818 498 881 Bibl.
522 821 562 882 lll
584 825 611 885 5.
635 821 666 882 2.
692 826 705 884 1
931 861 935 868 -

234 919 352 1000 Dionys.
375 923 486 1003 Perieg.
511 944 538 986 v.
562 924 623 987 623
648 946 691 1007 sq.
715 935 744 989 et
769 928 849 990 1164
872 949 916 1011 sq.
1030 1003 1031 1007 Ἰ

233 1023 405 1087 Eustathius
428 1027 464 1088 ad
486 1027 570 1090 Dion.
595 1031 659 1092 Per.
684 1031 745 1093 623

233 1127 365 1190 Tzetzos.
390 1131 420 1190 V.
442 1131 513 1192 hist.
538 1132 599 1193 Vlll
623 1133 682 1195 211
707 1153 733 1195 v.
756 1135 819 1198 582

234 1231 308 1292 adde
330 1233 447 1296 Anthol.
471 1235 531 1296 Pal.
554 1237 617 1299 XVI
642 1237 711 1300 185.
1111 1285 1123 1320 7

157 1326 159 1334 ’
234 1335 293 1396 Sed
317 1335 404 1397 etiarn
427 1347 462 1398 ut
483 1358 536 1420 par
558 1348 603 1401 est
619 1340 654 1401 ab
667 1341 823 1404 Alexandri
838 1361 964 1423 persona
988 1342 1083 1403 soluta
1106 1357 1157 1401 sua
1179 1336 1286 1398 itinera

142 1439 218 1500 lecit
239 1438 336 1502 fabula
356 1423 472 1514 nostra,
495 1444 586 1504 multa
609 1445 689 1506 enim
713 1445 849 1509 videntur
871 1445 1048 1507 convenisse
1070 1462 1145 1523 quae
1168 1442 1192 1502 oi
1215 1457 1285 1520 pro·

142 1544 298 1623 pagandae
326 1555 355 1606 et
381 1547 557 1608 excolendae
578 1549 760 1628 prodessent.
795 1549 870 1612 Nam
904 1549 997 1630 qualis
1027 1546 1168 1609 Bacchico
1195 1543 1287 1604 cultui

143 1648 246 1708 fautor
268 1648 454 1734 Ptolemaeus
481 1652 627 1713 secundus
661 1653 803 1726 extiterit,
836 1653 906 1716 satis
940 1661 985 1715 est
1017 1660 1132 1713 notum.
1180 1648 1287 1709 Forma

142 1761 246 1814 autem
270 1753 376 1834 mytbi,
410 1756 528 1835 qualem
550 1755 744 1819 Alexandriae
772 1756 900 1836 viguisse
929 1756 1129 1818 edallixenea
1161 1771 1286 1835 pompae

142 1857 224 1919 illius
248 1857 446 1938 descriptione
469 1859 618 1932 discimus,
644 1861 792 1922 consentit
815 1879 882 1922 curn
904 1859 1101 1922 Macedonica.

233 1960 1285 2046 PoetasAlexandrinos-dequibustaoeremalimquampaucis

143 2075 234 2145 atque
250 2065 360 2127 frivolis
383 2065 478 2128 verbis
494 2068 652 2130 leviuscule
674 2069 803 2131 iudicare
817 2087 889 2128 -a
913 2085 986 2128 nova
1008 2065 1106 2128 fabula
1130 2064 1282 2126 tractanda

142 2186 208 2230 non
236 2169 430 2243 abstinuisse,
464 2180 581 2251 praeter
604 2169 695 2252 pauca
718 2173 851 2252 ipsorum
879 2171 1001 2232 frustula
1024 2169 1143 2230 Indicae
1165 2167 1285 2248 expedi·

144 2273 236 2336 tionis
259 2274 398 2354 frequens
421 2275 496 2354 apud
520 2274 669 2337 Romanos
694 2277 780 2338 docet
803 2274 957 2337 memoria:
981 2273 1052 2335 satis
1075 2271 1167 2334 habeo
1183 2270 1285 2333 Ovidi-

144 2397 198 2439 um
222 2379 454 2440 commemorare
488 2379 538 2460 qui
569 2389 685 2460 praeter
713 2379 903 2442 notissimum
926 2379 1083 2440 Fastorum
1116 2375 1182 2437 libri
1204 2374 1285 2436 tertii

144 2483 244 2544 locum
267 2482 438 2562 saepissime
460 2483 492 2544 in
513 2492 687 2546 transcursu
720 2485 755 2545 ad
789 2491 918 2546 nostram
947 2480 1076 2543 labulam
1099 2480 1215 2552 alludit,
1246 2479 1285 2540 ita

144 2586 267 2668 quidem
292 2596 325 2647 ut
347 2587 475 2649 collectis
498 2589 637 2650 omnibus
654 2589 717 2650 eius
741 2589 820 2650 modi
841 2587 913 2649 locis
941 2585 1077 2648 nonnihil
1098 2583 1284 2664 proficiamus

144 2692 178 2752 iu
202 2693 402 2770 cognoscenda
424 2691 516 2754 fontis
538 2692 651 2764 indole,
686 2713 701 2754 e
725 2671 783 2772 quo
806 2689 946 2753 hauserit.
989 2689 1143 2750 Praeterea
1172 2687 1202 2748 in
1224 2685 1284 2748 Lu-

145 2795 222 2856 ciani
245 2795 368 2857 Prolalia
398 2789 432 2876 (d
452 2789 628 2876 Διόνυσος)
656 2796 819 2876 pleniorem
842 2795 932 2856 habes
954 2793 1070 2854 ludicae
1092 2790 1284 2871 expeditionis

145 2899 345 2960 narrationem
362 2917 451 2978 quarn
467 2919 529 2960 non
545 2909 657 2961 temore
680 2899 842 2961 conieceris
876 2899 968 2959 mulla
991 2913 1124 2958 servasse
1147 2913 1181 2954 ex
1205 2894 1283 2954 anti-

145 3003 299 3084 quioribus
333 3001 514 3064 carminibus
549 3003 712 3083 desumpta.
768 3002 887 3065 Accedit
920 3000 999 3082 quod
1034 3019 1069 3060 ex
1102 2997 1284 3078 compendiis
1362 3004 1364 3012 ’

146 3107 410 3188 mythographicis,
432 3125 560 3186 quorum
584 3115 699 3186 praeter
714 3107 883 3188 Apollodori
906 3114 935 3166 et
950 3101 1070 3165 Diodori
1093 3101 1284 3164 bibliothecas

66 3193 71 3202 ¹
146 3210 238 3272 multa
261 3210 404 3272 habemus
428 3212 590 3290 fragmenta
625 3211 674 3272 hic
706 3210 763 3271 illic
789 3211 820 3271 in
852 3209 981 3290 antiquis
1014 3205 1132 3270 scholiis
1156 3204 1284 3277 disiecta,

145 3314 221 3376 varia
245 3323 386 3395 apparent
408 3314 509 3375 talium
533 3315 699 3376 carminum
723 3315 851 3395 vestigia.
1303 3400 1305 3404 ,

228 3419 350 3480 Praeter
372 3427 473 3498 poetas
497 3427 593 3478 autem
617 3439 680 3488 mea
703 3419 822 3500 quidem
846 3415 990 3480 sententia
1020 3413 1109 3476 etiarn
1132 3410 1152 3473 ii
1175 3412 1210 3473 ad
1233 3429 1284 3474 ex-

145 3523 298 3586 colendam
322 3523 426 3584 Bacchi
447 3533 708 3600 rerumgestarum
719 3524 892 3585 memoriam
906 3523 1033 3583 multum
1049 3515 1283 3588 contribuerunt,

144 3627 196 3708 qui
220 3627 394 3708 mythologie
417 3646 518 3706 graeca
544 3627 716 3700 utebantur,
741 3635 773 3688 ut
796 3645 865 3688 suas
888 3625 948 3686 sive
971 3625 1007 3687 de
1031 3623 1154 3684 deorum
1177 3627 1283 3682 natura

146 3731 205 3792 sive
227 3731 264 3792 de
286 3731 469 3812 philosophia
492 3731 553 3792 sive
575 3733 647 3792 adeo
671 3729 813 3792 derebus
829 3729 953 3818 publicis
969 3729 1097 3790 rationes
1113 3725 1281 3807 probarent.

146 3836 178 3896 ln
201 3853 327 3915 quorum
352 3854 476 3898 numero
498 3835 645 3896 iactantur
668 3852 768 3895 sacrae
791 3831 930 3895 historiae
951 3831 1077 3912 librique
1110 3829 1146 3892 de
1167 3829 1282 3909 Hyper-

144 3937 241 4000 boreis
271 3937 373 4018 scripti
406 3947 542 4001 auctores
565 3939 727 4001 Euemerus
758 3947 788 4000 et
812 3937 973 4000 Hecataeus
996 3934 1142 4007 Abderita,
1177 3951 1283 4013 quam-

146 4063 232 4124 quam
257 4063 400 4123 perpauca
427 4053 497 4104 sunt
523 4063 597 4123 quae
625 4044 661 4104 de
693 4043 729 4104 iis
764 4049 915 4121 comperta
942 4039 1092 4111 habemus,
1126 4037 1283 4100 latissime·

145 4168 201 4228 que
222 4147 352 4228 patuisse
372 4148 501 4209 divorsas
517 4149 709 4227 pragmaticas
725 4145 1006 4225 rationalisticasque
1029 4141 1186 4215 doctrinas,
1210 4147 1283 4221 qua's

146 4251 250 4314 iniuria
273 4251 396 4315 nomine
416 4252 649 4326 ,Euhemerismi‘
674 4253 760 4330 vulgo
784 4249 1047 4337 comprehendunt,
1069 4245 1164 4325 colligi
1186 4252 1283 4327 potest
1318 4287 1320 4292 -

148 4376 212 4418 eum
237 4377 254 4418 e
276 4357 415 4438 dispersis
443 4357 727 4440 mythograpborum
750 4354 886 4416 lrustulis
912 4361 976 4414 tum
1000 4373 1016 4414 c
1039 4349 1156 4412 Diodori
1178 4349 1282 4430 primis

145 4462 242 4534 libris,
275 4481 350 4543 quos
374 4475 410 4522 ex
433 4480 493 4523 uno
516 4467 635 4522 auctore
669 4465 822 4540 excerptos
856 4477 920 4520 esse
948 4457 1057 4520 frustra
1092 4453 1189 4518 conati
1212 4460 1282 4515 sunt

145 4565 267 4646 probare
297 4585 341 4626 vv.
372 4565 476 4640 dd.1²).
