3202 5246
625 337 846 400 ..39-

117 509 362 590 conspiciatur
385 513 570 593 anaglyphis,
604 515 728 588 velita,
762 525 796 578 ut
823 516 1010 596 symmetrica
1039 517 1077 578 sit
1100 517 1192 579 altera
1214 519 1307 598 ligura

120 612 257 686 alteri,
282 613 312 675 id
335 617 414 696 quod
438 635 618 698 quamquam
642 636 704 680 non
721 620 887 698 negandum
912 627 956 680 est
977 621 1109 700 potuisse
1132 621 1194 683 fieri
1218 621 1305 684 etiam

118 716 169 778 in
212 719 391 808 anaglypho,
415 707 514 782 tamen
537 721 652 784 facilius
676 723 833 784 sanctiori
856 730 970 802 poterat
991 723 1022 784 iu
1045 731 1150 786 statua.
1173 725 1306 806 Denique

119 821 237 884 inter
250 824 414 903 permultas
426 843 502 904 quae
515 834 641 888 aetatem
654 826 788 888 tulerunt
798 833 910 887 statuas
923 826 1102 890 Baccharum
1116 829 1306 910 Satyrorum-

123 945 217 1006 que
232 934 265 986 ct
277 943 354 1006 qnae
365 933 437 988 sunt
446 927 552 990 similia
567 929 771 1003 inveniuntur,
788 947 942 1009 quaecum
959 949 1018 992 uno
1030 931 1122 993 aliove
1135 941 1306 996 nostrorum

125 1031 380 1092 elementorum
414 1032 460 1093 vel
494 1051 561 1094 cum
596 1033 632 1094 iis
663 1051 738 1113 quac
766 1049 826 1094 non
853 1033 910 1094 nisi
939 1033 969 1094 in
999 1033 1094 1096 thiaso
1117 1045 1313 1116 compareant

125 1135 318 1196 elementis
343 1135 523 1216 conspirent.
574 1139 670 1218 Atque
698 1136 771 1198 mihi
799 1135 919 1216 quidem
951 1155 1011 1199 non
1035 1137 1158 1200 dubium
1181 1139 1305 1215 videtur,
1341 1201 1345 1211 ,

128 1239 230 1318 quin
262 1237 387 1316 diligens
416 1247 581 1301 statuarum
612 1241 712 1320 copiae
742 1240 924 1304 examinator
952 1243 1065 1304 ratione
1091 1243 1179 1304 etiam
1208 1244 1305 1306 habita

130 1343 295 1404 omnium
319 1342 550 1424 anaglyphorum
574 1343 604 1404 in
628 1343 736 1424 quihus
760 1344 874 1406 thiasus
898 1351 943 1406 est
957 1346 1196 1425 repraesentatus
1218 1383 1258 1394 -—
1275 1349 1303 1410 id

132 1447 278 1526 quoda
302 1445 514 1508 mooconsilio
542 1447 670 1510 alienum
695 1455 759 1510 erat
788 1481 829 1491 -
860 1449 954 1511 multo
985 1449 1069 1530 plura
1097 1451 1229 1533 exempla
1256 1452 1303 1512 in-

136 1559 306 1612 venturus
336 1549 375 1612 sit
402 1557 567 1614 statuarum
596 1552 628 1614 in
658 1551 824 1632 anaglyphis
858 1569 1061 1632 expressarum
1081 1573 1187 1634 ·quam
1234 1555 1304 1617 mihi

137 1655 327 1734 contigerit.
697 1647 699 1651 ’
913 1728 914 1731 ¹

246 1758 367 1837 Singula
389 1759 483 1837 igitur
503 1759 649 1822 elementa
670 1743 877 1839 perstringam,
901 1759 980 1839 quod
1003 1759 1177 1841 priusquam
1199 1761 1304 1824 faciam

138 1866 216 1926 hoc
239 1881 363 1934 moneo,
395 1882 442 1924 me
467 1881 499 1924 ea
523 1881 597 1943 quae
620 1882 656 1924 ex
675 1861 771 1924 thiaso
800 1861 919 1923 alleram
948 1864 1037 1923 modo
1062 1865 1188 1945 exempli
1218 1885 1304 1928 causa

141 1975 295 2030 enotasse
318 1974 347 2030 et
372 1967 452 2030 hunc
475 1985 612 2047 campum
643 1983 725 2028 nunc
755 1965 874 2047 quidem
903 1965 978 2045 pede
1005 1966 1165 2033 festinante
1193 1970 1303 2032 intrare

142 2072 243 2145 velle,
266 2070 390 2132 minime
412 2078 506 2132 totum
531 2070 686 2150 diligenter
708 2070 954 2152 perlustraturum
978 2089 1051 2132 esse.

246 2175 376 2236 Bacchae
410 2171 439 2248 d,
464 2192 551 2254 quam
575 2173 634 2235 iam
662 2174 764 2234 1612
795 2172 896 2234 61113
926 2173 1047 2238 diversis
1081 2193 1207 2256 pompae
1232 2177 1303 2240 locis

146 2277 348 2359 conspexisti,
372 2278 444 2340 haec
466 2298 482 2338 6
504 2277 599 2340 thiaso
623 2279 738 2340 enotavi
762 2277 910 2358 exempla:

248 2382 444 2461 Cohurgensis
467 2383 520 2443 so:
552 2381 666 2456 utto,
689 2382 757 2443 un
771 2381 865 2444 2357.
897 2383 1028 2445 ciusdem
1045 2369 1094 2450 foi.
1109 2383 1165 2445 55:
1188 2383 1303 2445 uma.

244 2486 317 2547 Villa
339 2485 460 2547 Pamfili.
484 2485 553 2546 hl-[t
576 2484 668 2559 2262,
692 2487 796 2548 Eich.
1156 2537 1158 2542 .

247 2592 371 2652 Verona.
416 2590 491 2652 Mus.
515 2591 676 2652 Veronens.
700 2589 826 2665 Llllllll,
853 2586 884 2653 1.Ι
917 2590 1082 2652 huetschhe
1105 2588 1177 2651 435.

245 2799 335 2860 Venio
358 2799 392 2860 ad
416 2798 558 2860 Baccham
582 2805 613 2870 d,
636 2799 673 2859 de
696 2817 752 2878 qua
775 2798 916 2861 iudicium
940 2797 1037 2879 paullo
1060 2797 1224 2860 intricatius
1249 2807 1302 2873 est,

153 2923 229 2966 nam
253 2903 340 2966 modo
364 2903 395 2963 in
416 2903 511 2966 tribus
535 2909 685 2983 comparet
708 2903 892 2983 anaglyphis,
919 2901 1033 2964 inuno
1060 2921 1179 2984 quoque
1205 2911 1303 2963 autem

153 3009 263 3071 eodem
290 3008 369 3080 loco,
401 3006 432 3066 id
461 3014 505 3066 est
533 3025 549 3066 a
575 3005 677 3066 dextra
700 3005 862 3088 elephanti,
894 3006 945 3067 sed
974 3006 1005 3066 in
1038 3005 1206 3066 'lvidimus
1236 3024 1301 3066 eam

154 3113 259 3174 dextra
289 3111 422 3172 tenuisse
450 3111 546 3171 lorum
578 3128 637 3190 quo
665 3109 852 3189 elephantum
882 3109 1024 3183 ducebat,
1060 3117 1089 3170 et
1116 3110 1195 3170 laeva
1223 3117 1302 3190 tym-

155 3234 269 3297 panum
299 3221 431 3294 portasse
461 3213 490 3274 in
514 3213 532 3274 6
556 3221 680 3274 constat.
733 3213 767 3274 ln
792 3213 830 3274 10
853 3220 968 3286 autem,
993 3213 1042 3275 uhi
1071 3211 1158 3274 ambo
1187 3211 1303 3275 brachia

158 3338 227 3382 cum
262 3317 400 3398 cymbalis
434 3315 610 3378 recentioris
641 3317 742 3378 aetatis
768 3325 839 3378 suut
869 3336 957 3397 opus,
989 3335 1056 3379 cum
1087 3316 1200 3378 nullum
1226 3325 1303 3378 extet

158 3423 315 3502 vestigium
339 3441 437 3502 neque
467 3421 520 3482 lori
559 3439 654 3500 nequa
682 3420 830 3500 tympani,
864 3421 901 3482 de
938 3421 1065 3502 genuina
1099 3419 1192 3481 forma
1230 3421 1303 3482 nihil

158 3525 294 3588 concludi
319 3532 427 3605 potest.
472 3523 566 3585 Etiam
591 3532 704 3584 statuae
726 3543 800 3604 quae
823 3533 903 3588 extat
924 3525 956 3586 in
983 3523 1047 3585 villa
1064 3523 1166 3585 hlbani
1188 3523 1303 3604 (Clarae

83 3677 86 3680 .
158 3649 235 3692 mus.
274 3631 300 3690 d.
338 3648 379 3690 sc.
416 3627 462 3688 lV.
493 3628 532 3707 pl.
567 3626 629 3688 694
658 3628 690 3688 Β.
730 3628 811 3690 1656
850 3627 886 3709 ll)
923 3629 1009 3708 plane
1047 3629 1092 3689 vel
1119 3628 1151 3689 in
1178 3629 1302 3710 singulis

158 3754 224 3796 cum
248 3736 304 3795 hac
324 3732 435 3795 Baccha
451 3731 647 3814 conspirantis
671 3731 744 3794 item
767 3733 884 3795 brachia
901 3750 968 3794 cum
985 3731 1125 3813 cymbalis
1140 3740 1302 3798 restaurata

157 3847 237 3900 sunt.
268 3837 349 3912 Quae
372 3839 577 3918 supplementa
602 3853 690 3916 quam
713 3836 783 3898 lalsa
806 3837 875 3907 sint,
899 3855 999 3909 nemo,
1022 3837 1073 3918 qui
1097 3837 1131 3898 ad
1154 3839 1302 3900 rationem

157 3939 289 4022 cymbala
312 3941 500 4004 concutiendi
522 3941 655 4002 animum
679 3939 848 4014 adverterit,
871 3957 932 4001 non
955 3940 1043 4014 videt

244 4046 330 4108 Plura
346 4045 487 4107 discimus
503 4065 538 4106 ex
553 4045 715 4126 anaglypho
732 4045 811 4124 quod
824 4043 916 4106 edidit
930 4044 1061 4106 Gerhard
1074 4044 1119 4124 (h.
1134 4045 1164 4106 B.
1185 4045 1252 4118 110,
1271 4047 1300 4122 l)

91 4141 95 4149 ’
156 4151 259 4232 inquo
276 4150 582 4231 conspicitur'Baccha
599 4149 744 4210 simillima
761 4149 788 4209 61
805 4167 878 4229 quae
893 4155 938 4210 est
952 4149 982 4208 in
999 4148 1018 4208 6
1033 4149 1112 4209 laeva
1128 4156 1302 4230 tympanum

158 4253 257 4315 dextra
280 4253 426 4314 volitantis
450 4254 526 4334 pallii
543 4253 678 4316 laciniam
701 4262 818 4314 tenens.
855 4251 887 4312 ln
911 4252 1013 4331 eodem
1030 4252 1192 4333 anaglypho
1207 4272 1302 4335 paene

159 4358 260 4420 eadem
284 4357 411 4419 recurrit
433 4358 497 4420 sine
530 4367 672 4439 tympano
702 4367 827 4438 utraque
854 4369 960 4416 manu¹
980 4355 1136 4417 continens
1164 4357 1300 4432 lacinias3

158 4463 294 4525 similiter
316 4481 454 4543 expressa
479 4473 524 4526 est
547 4463 578 4524 in
599 4462 696 4542 palatii
712 4460 811 4523 hlattei
833 4460 1011 4541 sarcophago
1028 4459 1120 4536 (Mon.
1136 4462 1238 4524 matth..
1254 4462 1301 4522 lll.
