3202 5246
583 369 836 463 Ἀσι-

140 577 272 656 aggredi
302 577 442 650 videatur,
458 577 657 657 ‚perspicuum
681 585 735 652 est,
758 577 889 643 Silenum
913 578 1017 640 eodem
1042 579 1128 640 modo
1155 580 1294 641 Amazoni

138 697 325 742 succurrere
353 699 411 759 quo
448 680 507 742 Pan
539 682 667 757 Bacch03
700 682 747 744 illa
770 681 860 761 igitur
888 681 923 744 ab
946 682 1034 743 huius
1064 683 1196 763 partibus
1227 693 1293 756 stat,

141 801 214 844 non
237 783 275 844 ab
305 783 547 854 adversariorum,
570 785 600 846 id
631 785 709 866 quod
740 786 875 848 sumatur
904 786 1111 857 lndomortuo
1135 786 1186 866 qui
1219 787 1294 849 iacet

139 890 207 950 sub
246 907 323 967 equo
361 887 433 948 eius.
488 887 590 950 Restat
608 879 653 949 'in
692 889 794 952 dextra
825 899 906 969 parte
937 889 979 950 vir
1009 890 1107 982 nudus
1146 891 1294 960 barbatus,

141 1010 240 1072 quem
264 1009 319 1071 pro
344 988 459 1070 Satyro
475 991 570 1052 habeo
600 1010 667 1054 eum
697 993 918 1074 Hepdemanuo
942 1001 971 1054 et
1002 1011 1092 1074 eques
1115 1011 1202 1072 quem
1226 992 1295 1054 har-

144 1094 295 1169 barum¹)
319 1113 384 1168 esse
414 1094 586 1174 anaxprides
609 1097 813 1158 demonstrant
838 1106 869 1159 at
898 1105 986 1177 caput
1008 1098 1094 1177 plane
1124 1095 1228 1158 ceteris
1252 1095 1294 1156 si-

147 1198 231 1259 mile.
256 1197 457 1260 -Fortasse
488 1207 533 1260 est
554 1217 606 1260 rex
635 1199 785 1262 ludorum.

241 1299 335 1361 Notae
350 1300 558 1372 suntfahulae
588 1303 765 1383 complures,
788 1300 894 1381 quibus
917 1301 1062 1364 Bacchum
1086 1300 1295 1382 aliquomodo

152 1402 328 1465 convenisse
359 1421 427 1465 eum
452 1404 650 1482 Amazonibus
675 1407 821 1466 narretur.
850 1405 960 1466 Extant
982 1405 1060 1468 iuter
1084 1424 1131 1466 eas
1154 1403 1297 1470 versionis

151 1507 283 1586 vestigia,
328 1525 402 1588 quae
436 1507 583 1570 Bacchum
617 1507 648 1568 in
676 1507 774 1570 ludica
804 1509 989 1587 expeditione
1030 1508 1163 1570 duxisset
1206 1509 1294 1568 Ama-

148 1629 245 1674 zones
277 1609 371 1672 socias
402 1610 456 1671 sihi
488 1611 660 1681 adscivisse3
685 1629 772 1692 aqua
798 1611 1001 1672 vixdiversam
1026 1611 1199 1674 indicaveris
1233 1629 1296 1672 eam

148 1735 211 1796 quo
237 1714 366 1794 primum
398 1713 566 1786 debellasse,
601 1715 758 1777 debellatas
781 1715 900 1776 demum
928 1715 1011 1796 quasi
1038 1715 1132 1778 socias
1154 1713 1296 1776 exercitui

146 1838 208 1880 suo
251 1817 445 1879 admiscuisse
478 1817 619 1880 traditum
653 1817 700 1878 sit.
765 1817 858 1880 Locos
893 1820 950 1881 hue
991 1827 1158 1900 spectantes
1204 1817 1297 1878 habeo

148 1925 259 1984 hosce:
409 1967 413 1975 .
537 1955 547 1969 .

219 2024 336 2086 lliodor.
360 2023 397 2084 lll
424 2024 474 2096 71,
498 2022 516 2084 3
548 2025 576 2099 (e
598 2023 737 2104 Dionysio
762 2023 1034 2104 Scytobrachione.)

221 2121 490 2209 ‘npoedode'odou
498 2125 535 2188 δὲ
541 2125 615 2205 (εοῦ.
623 2127 782 2200 Bacchum)
791 2125 847 2188 καὶ
858 2126 922 2190 τῶν
933 2120 1252 2210 πλησιοχώρωντούς
1264 2146 1299 2185 τε

156 2237 294 2314 Λίβυας
321 2228 476 2305 καὶτὰς
505 2227 745 2312 Ἀμαζόνας,
780 2229 858 2313 περὶ
890 2221 934 2293 ὧν
964 2224 1217 2312 προειρήκαμεν,
1247 2222 1298 2288 ὅτι

151 2337 314 2402 δοκοῦσιν
329 2328 414 2422 ἀλκῇ
429 2332 618 2412 διενεγκεῖν,
639 2331 694 2396 καὶ
712 2333 843 2415 πρῶτον
857 2334 917 2416 μὲν
932 2335 1105 2417 στρατείαν
1119 2327 1299 2412 ὑπερόριον

155 2436 378 2522 στείλασθαι,
413 2436 540 2524 πολλὴν
576 2436 613 2502 δὲ
642 2436 697 2520 τῆς
727 2437 920 2519 οἰκουμένης
949 2447 1019 2510 τοῖς
1048 2431 1170 2508 ὅπλοις
1199 2456 1297 2495 κατα-

153 2543 399 2628 στρέψασθαι.’
429 2547 533 2607 Postea
560 2549 698 2605 narratur
719 2541 805 2602 etiam
828 2541 858 2602 in
881 2541 962 2602 lndia
985 2541 1076 2602 luisse
1100 2539 1256 2600 Bacchum.

243 2651 285 2710 Ex
309 2654 413 2713 eodem
431 2656 550 2710 auctore
578 2646 656 2706 idem
692 2645 835 2706 [liodorus
870 2644 907 2706 de
941 2643 1030 2708 tertio
1066 2643 1192 2722 dionyso
1227 2641 1300 2701 haec

152 2755 310 2816 narratlll
334 2755 384 2828 74,
415 2753 443 2812 2.

244 2855 481 2940 στρατιώτιδας
511 2849 541 2914 δ’
568 2845 793 2921 ἐπιλέξασθαι
815 2847 981 2927 ’γυναῖκας
1007 2844 1164 2929 καθάπερ
1194 2845 1249 2907 καὶ
1280 2841 1299 2907 o‘

153 2949 657 3041 nodosos-edgupaldraell·
1225 3023 1228 3030 ,

243 3066 379 3146 Polyaen.
402 3067 422 3127 l.
453 3068 478 3136 l,
503 3065 532 3126 3.
557 3058 732 3132 Διόνυσος,
751 3052 872 3132 Ἰνδοὺς
888 3055 980 3136 ἑλών,
1001 3051 1118 3127 αὐτούς
1134 3076 1168 3114 τε
1179 3049 1298 3122 Ἰνδοὺς

155 3167 226 3232 καὶ
254 3164 579 3250 Ἀμαζόναςᾶγων
609 3159 860 3246 συμμάχους,
891 3163 938 3236 εἰς
967 3160 1025 3244 τὴν
1054 3159 1221 3246 Βακτρίαν
1244 3154 1298 3219 ἐν·

156 3269 285 3352 ἔβαλεν.
758 3323 761 3332 t

245 3380 310 3463 Quo
346 3379 410 3439 loco
450 3375 611 3457 quominus
653 3381 772 3434 namur
811 3387 870 3431 non
908 3359 1022 3430 uidetur
1065 3365 1181 3426 obstare
1220 3364 1305 3443 quod-

161 3483 270 3545 Bactrii
294 3490 364 3544 sunt
386 3479 433 3541 dei
464 3477 631 3549 adversarii,
661 3475 769 3555 quippe
797 3493 872 3553 quae
903 3472 997 3535 fabula
1019 3471 1049 3531 in
1072 3467 1209 3548 l'olyeeni
1231 3485 1298 3528 nar·

164 3587 277 3646 ratione
303 3583 410 3646 intimo
441 3600 509 3644 cum
533 3579 718 3662 expeditione
741 3577 837 3638 lndiea
867 3577 1003 3637 cohaeret
1033 3590 1157 3634 conexu.

230 3813 251 3875 ¹)
270 3812 405 3878 Semperne
423 3811 464 3860 hic
478 3822 580 3876 ‚quoque
599 3806 751 3857 Amazonem
766 3817 905 3867 agnoscens
924 3801 1030 3852 erravit.

227 3898 251 3962 ⁸)
269 3898 391 3949 Fortasse
413 3897 498 3963 aliqua
526 3910 558 3945 ox
581 3899 653 3959 parte
680 3907 696 3941 e
722 3890 770 3941 tali
797 3889 950 3956 sophismate
978 3889 1086 3954 pendent
1113 3899 1175 3950 quoe
1202 3885 1297 3933 Seneca

163 3986 240 4037 dicit:
261 3985 383 4051 (Oedipus
402 3999 426 4034 v.
445 3983 505 4046 479)

270 4071 317 4122 lllo

271 4160 347 4207 Arma
365 4154 478 4207 detraxit
496 4153 612 4204 trucibus
631 4151 735 4217 puellis:

270 4243 321 4294 0re
340 4242 439 4293 deiecto
457 4240 554 4304 potiere
573 4245 668 4288 terram

269 4327 577 4381 Thermodontiacae
595 4332 747 4376 catervae

270 4415 416 4480 Positisque
434 4411 533 4462 tandem
552 4411 653 4462 levibus
671 4410 775 4474 sagittis

271 4501 438 4553 Maenades
457 4497 572 4548 laetae:
