<?xml version="1.0" encoding="UTF-8"?>
<!DOCTYPE html PUBLIC "-//W3C//DTD XHTML 1.0 Transitional//EN"
    "http://www.w3.org/TR/xhtml1/DTD/xhtml1-transitional.dtd">
<html xmlns="http://www.w3.org/1999/xhtml" xml:lang="en" lang="en">
 <head>
  <title>
</title>
<meta http-equiv="Content-Type" content="text/html;charset=utf-8" />
  <meta name='ocr-system' content='tesseract 3.04.00' />
  <meta name='ocr-capabilities' content='ocr_page ocr_carea ocr_par ocr_line ocrx_word'/>
</head>
<body>
  <div class='ocr_page' id='page_1' title='image "./debacchiexpedit00graegoog_0042.png"; bbox 0 0 3202 5246; ppageno 0'>
   <div class='ocr_carea' id='block_1_1' title="bbox 587 391 809 456">
    <p class='ocr_par' dir='ltr' id='par_1_1' title="bbox 587 391 809 456">
     <span class='ocr_line' id='line_1_1' title="bbox 587 391 809 456; baseline -0.009 -16"><span class='ocrx_word' id='word_1_1' title='bbox 587 391 809 456; x_wconf 73' lang='lat'><strong>..33-</strong></span> 
     </span>
    </p>
   </div>
   <div class='ocr_carea' id='block_1_2' title="bbox 114 568 1274 2618">
    <p class='ocr_par' dir='ltr' id='par_1_2' title="bbox 116 568 1270 859">
     <span class='ocr_line' id='line_1_2' title="bbox 118 568 1270 650; baseline 0.003 -21"><span class='ocrx_word' id='word_1_2' title='bbox 118 568 157 630; x_wconf 92' lang='lat' dir='ltr'><strong>ln</strong></span> <span class='ocrx_word' id='word_1_3' title='bbox 188 588 247 649; x_wconf 91' lang='lat' dir='ltr'><strong>qua</strong></span> <span class='ocrx_word' id='word_1_4' title='bbox 269 569 342 631; x_wconf 93' lang='lat' dir='ltr'><strong>illud</strong></span> <span class='ocrx_word' id='word_1_5' title='bbox 366 589 413 630; x_wconf 87' lang='lat' dir='ltr'><strong>me</strong></span> <span class='ocrx_word' id='word_1_6' title='bbox 436 587 567 649; x_wconf 89' lang='lat' dir='ltr'><strong>pungere</strong></span> <span class='ocrx_word' id='word_1_7' title='bbox 591 587 650 632; x_wconf 90' lang='lat' dir='ltr'><strong>nou</strong></span> <span class='ocrx_word' id='word_1_8' title='bbox 675 570 796 642; x_wconf 82' lang='lat' dir='ltr'><strong>desinit,</strong></span> <span class='ocrx_word' id='word_1_9' title='bbox 831 570 911 650; x_wconf 88' lang='lat' dir='ltr'><strong>quod</strong></span> <span class='ocrx_word' id='word_1_10' title='bbox 935 585 1055 650; x_wconf 89' lang='lat' dir='ltr'><strong>prorsus</strong></span> <span class='ocrx_word' id='word_1_11' title='bbox 1078 569 1182 631; x_wconf 86' lang='lat' dir='ltr'><strong>eodem</strong></span> <span class='ocrx_word' id='word_1_12' title='bbox 1204 571 1270 632; x_wconf 88' lang='lat' dir='ltr'><strong>loeo</strong></span> 
     </span>
     <span class='ocr_line' id='line_1_3' title="bbox 118 671 1269 751; baseline 0.002 -18"><span class='ocrx_word' id='word_1_13' title='bbox 118 691 183 751; x_wconf 90' lang='lat' dir='ltr'><strong>quo</strong></span> <span class='ocrx_word' id='word_1_14' title='bbox 208 673 240 734; x_wconf 92' lang='lat' dir='ltr'><strong>iu</strong></span> <span class='ocrx_word' id='word_1_15' title='bbox 262 673 303 733; x_wconf 81' lang='lat'><strong>20</strong></span> <span class='ocrx_word' id='word_1_16' title='bbox 327 682 373 736; x_wconf 93' lang='lat' dir='ltr'><strong>est</strong></span> <span class='ocrx_word' id='word_1_17' title='bbox 395 681 555 735; x_wconf 78' lang='lat' dir='ltr'><strong>centaurus</strong></span> <span class='ocrx_word' id='word_1_18' title='bbox 584 672 727 736; x_wconf 88' lang='lat' dir='ltr'><strong>leminina</strong></span> <span class='ocrx_word' id='word_1_19' title='bbox 757 673 843 735; x_wconf 88' lang='lat' dir='ltr'><strong>tibiae</strong></span> <span class='ocrx_word' id='word_1_20' title='bbox 863 673 995 748; x_wconf 85' lang='lat' dir='ltr'><strong>inllans,</strong></span> <span class='ocrx_word' id='word_1_21' title='bbox 1022 671 1071 735; x_wconf 91' lang='lat' dir='ltr'><strong>hic</strong></span> <span class='ocrx_word' id='word_1_22' title='bbox 1093 681 1138 735; x_wconf 88' lang='lat' dir='ltr'><strong>cst</strong></span> <span class='ocrx_word' id='word_1_23' title='bbox 1159 673 1269 736; x_wconf 87' lang='lat' dir='ltr'><strong>Baccha</strong></span> 
     </span>
     <span class='ocr_line' id='line_1_4' title="bbox 116 773 1270 859; baseline 0.002 -23"><span class='ocrx_word' id='word_1_24' title='bbox 116 773 150 849; x_wconf 83' lang='lat' dir='ltr'><strong>d,</strong></span> <span class='ocrx_word' id='word_1_25' title='bbox 175 776 263 838; x_wconf 90' lang='lat' dir='ltr'><strong>euius</strong></span> <span class='ocrx_word' id='word_1_26' title='bbox 285 777 374 857; x_wconf 89' lang='lat' dir='ltr'><strong>pedes</strong></span> <span class='ocrx_word' id='word_1_27' title='bbox 396 785 472 838; x_wconf 87' lang='lat' dir='ltr'><strong>teste</strong></span> <span class='ocrx_word' id='word_1_28' title='bbox 495 776 565 838; x_wconf 87' lang='lat' dir='ltr'><strong>Cob.</strong></span> <span class='ocrx_word' id='word_1_29' title='bbox 587 795 647 837; x_wconf 92' lang='lat' dir='ltr'><strong>non</strong></span> <span class='ocrx_word' id='word_1_30' title='bbox 669 776 806 838; x_wconf 87' lang='lat' dir='ltr'><strong>videntur</strong></span> <span class='ocrx_word' id='word_1_31' title='bbox 826 777 859 838; x_wconf 93' lang='lat' dir='ltr'><strong>in</strong></span> <span class='ocrx_word' id='word_1_32' title='bbox 874 776 1035 858; x_wconf 77' lang='lat' dir='ltr'><strong>anaglypho</strong></span> <span class='ocrx_word' id='word_1_33' title='bbox 1052 777 1180 859; x_wconf 83' lang='lat' dir='ltr'>expressi</span> <span class='ocrx_word' id='word_1_34' title='bbox 1196 797 1270 840; x_wconf 90' lang='lat' dir='ltr'><strong>esse.</strong></span> 
     </span>
    </p>

    <p class='ocr_par' dir='ltr' id='par_1_3' title="bbox 114 880 1274 1272">
     <span class='ocr_line' id='line_1_5' title="bbox 215 880 1274 962; baseline 0.003 -21"><span class='ocrx_word' id='word_1_35' title='bbox 215 880 352 960; x_wconf 78' lang='lat' dir='ltr'>Satyrum</span> <span class='ocrx_word' id='word_1_36' title='bbox 382 881 392 940; x_wconf 98' lang='lat' dir='ltr'><strong>l</strong></span> <span class='ocrx_word' id='word_1_37' title='bbox 422 880 538 942; x_wconf 73' lang='lat' dir='ltr'><strong>sinistra</strong></span> <span class='ocrx_word' id='word_1_38' title='bbox 570 897 659 942; x_wconf 90' lang='lat' dir='ltr'><strong>mauu</strong></span> <span class='ocrx_word' id='word_1_39' title='bbox 692 899 771 943; x_wconf 91' lang='lat' dir='ltr'><strong>nunc</strong></span> <span class='ocrx_word' id='word_1_40' title='bbox 801 881 951 962; x_wconf 88' lang='lat' dir='ltr'><strong>deperdita</strong></span> <span class='ocrx_word' id='word_1_41' title='bbox 980 882 1088 944; x_wconf 86' lang='lat' dir='ltr'><strong>larvam</strong></span> <span class='ocrx_word' id='word_1_42' title='bbox 1117 881 1196 944; x_wconf 91' lang='lat' dir='ltr'><strong>illam</strong></span> <span class='ocrx_word' id='word_1_43' title='bbox 1225 889 1274 944; x_wconf 84' lang='lat' dir='ltr'><strong>te-</strong></span> 
     </span>
     <span class='ocr_line' id='line_1_6' title="bbox 116 982 1272 1064; baseline 0.003 -20"><span class='ocrx_word' id='word_1_44' title='bbox 116 982 229 1046; x_wconf 88' lang='lat' dir='ltr'><strong>nuisse</strong></span> <span class='ocrx_word' id='word_1_45' title='bbox 252 1003 326 1064; x_wconf 86' lang='lat' dir='ltr'><strong>quae</strong></span> <span class='ocrx_word' id='word_1_46' title='bbox 347 983 427 1045; x_wconf 83' lang='lat' dir='ltr'><strong>iuxta</strong></span> <span class='ocrx_word' id='word_1_47' title='bbox 450 983 546 1046; x_wconf 87' lang='lat' dir='ltr'><strong>Panos</strong></span> <span class='ocrx_word' id='word_1_48' title='bbox 568 992 656 1064; x_wconf 90' lang='lat' dir='ltr'><strong>caput</strong></span> <span class='ocrx_word' id='word_1_49' title='bbox 676 1019 717 1030; x_wconf 91' lang='grc'>-</span> <span class='ocrx_word' id='word_1_50' title='bbox 733 983 769 1044; x_wconf 92' lang='lat' dir='ltr'><strong>de</strong></span> <span class='ocrx_word' id='word_1_51' title='bbox 792 1003 850 1064; x_wconf 93' lang='lat' dir='ltr'><strong>quo</strong></span> <span class='ocrx_word' id='word_1_52' title='bbox 873 992 953 1047; x_wconf 86' lang='lat' dir='ltr'><strong>recte</strong></span> <span class='ocrx_word' id='word_1_53' title='bbox 975 984 1111 1048; x_wconf 81' lang='lat' dir='ltr'><strong>lluhnius</strong></span> <span class='ocrx_word' id='word_1_54' title='bbox 1132 985 1272 1048; x_wconf 84' lang='lat' dir='ltr'><strong>iudicarit</strong></span> 
     </span>
     <span class='ocr_line' id='line_1_7' title="bbox 118 1087 1271 1168; baseline 0.003 -20"><span class='ocrx_word' id='word_1_55' title='bbox 118 1125 166 1134; x_wconf 96' lang='lat'><em>-</em></span> <span class='ocrx_word' id='word_1_56' title='bbox 191 1087 387 1168; x_wconf 82' lang='lat' dir='ltr'>conspicitur,</span> <span class='ocrx_word' id='word_1_57' title='bbox 411 1087 484 1149; x_wconf 90' lang='lat' dir='ltr'><strong>adeo</strong></span> <span class='ocrx_word' id='word_1_58' title='bbox 508 1087 699 1168; x_wconf 90' lang='lat' dir='ltr'><strong>perspicuum</strong></span> <span class='ocrx_word' id='word_1_59' title='bbox 722 1096 768 1150; x_wconf 89' lang='lat' dir='ltr'><strong>est</strong></span> <span class='ocrx_word' id='word_1_60' title='bbox 790 1087 821 1148; x_wconf 91' lang='lat' dir='ltr'><strong>in</strong></span> <span class='ocrx_word' id='word_1_61' title='bbox 844 1087 925 1162; x_wconf 76' lang='lat' dir='ltr'><strong>(lob,</strong></span> <span class='ocrx_word' id='word_1_62' title='bbox 950 1096 982 1151; x_wconf 91' lang='lat' dir='ltr'><strong>ut</strong></span> <span class='ocrx_word' id='word_1_63' title='bbox 1005 1089 1112 1152; x_wconf 94' lang='lat' dir='ltr'><strong>mirum</strong></span> <span class='ocrx_word' id='word_1_64' title='bbox 1142 1089 1181 1152; x_wconf 85' lang='lat' dir='ltr'><strong>sit</strong></span> <span class='ocrx_word' id='word_1_65' title='bbox 1203 1088 1271 1152; x_wconf 84' lang='lat' dir='ltr'><strong>bl-ll</strong></span> 
     </span>
     <span class='ocr_line' id='line_1_8' title="bbox 114 1190 1149 1272; baseline 0.004 -22"><span class='ocrx_word' id='word_1_66' title='bbox 114 1190 151 1251; x_wconf 90' lang='lat' dir='ltr'><strong>id</strong></span> <span class='ocrx_word' id='word_1_67' title='bbox 175 1208 239 1252; x_wconf 91' lang='lat' dir='ltr'><strong>non</strong></span> <span class='ocrx_word' id='word_1_68' title='bbox 262 1190 458 1272; x_wconf 80' lang='lat' dir='ltr'><strong>perspexisse.</strong></span> <span class='ocrx_word' id='word_1_69' title='bbox 1147 1193 1149 1198; x_wconf 73' lang='grc'>’</span> 
     </span>
    </p>

    <p class='ocr_par' dir='ltr' id='par_1_4' title="bbox 116 1293 1272 1668">
     <span class='ocr_line' id='line_1_9' title="bbox 212 1293 1272 1376; baseline 0.003 -20"><span class='ocrx_word' id='word_1_70' title='bbox 212 1294 349 1375; x_wconf 80' lang='lat' dir='ltr'><strong>Satyrum</strong></span> <span class='ocrx_word' id='word_1_71' title='bbox 366 1295 398 1356; x_wconf 92' lang='lat' dir='ltr'><strong>in</strong></span> <span class='ocrx_word' id='word_1_72' title='bbox 411 1295 513 1357; x_wconf 83' lang='lat' dir='ltr'><strong>dextra</strong></span> <span class='ocrx_word' id='word_1_73' title='bbox 524 1295 676 1376; x_wconf 78' lang='lat' dir='ltr'><strong>anaglyphi</strong></span> <span class='ocrx_word' id='word_1_74' title='bbox 699 1305 783 1375; x_wconf 89' lang='lat' dir='ltr'><strong>parte</strong></span> <span class='ocrx_word' id='word_1_75' title='bbox 806 1293 969 1364; x_wconf 81' lang='lat' dir='ltr'><strong>sedentem,</strong></span> <span class='ocrx_word' id='word_1_76' title='bbox 993 1312 1174 1376; x_wconf 87' lang='lat' dir='ltr'><strong>quamquam</strong></span> <span class='ocrx_word' id='word_1_77' title='bbox 1197 1295 1272 1358; x_wconf 89' lang='lat' dir='ltr'><strong>sini-</strong></span> 
     </span>
     <span class='ocr_line' id='line_1_10' title="bbox 116 1397 1272 1480; baseline 0.002 -20"><span class='ocrx_word' id='word_1_78' title='bbox 116 1407 273 1460; x_wconf 86' lang='lat' dir='ltr'><strong>strorsum</strong></span> <span class='ocrx_word' id='word_1_79' title='bbox 302 1406 348 1460; x_wconf 85' lang='lat' dir='ltr'><strong>cst</strong></span> <span class='ocrx_word' id='word_1_80' title='bbox 376 1417 492 1470; x_wconf 85' lang='lat' dir='ltr'><strong>versus,</strong></span> <span class='ocrx_word' id='word_1_81' title='bbox 520 1417 581 1460; x_wconf 92' lang='lat' dir='ltr'><strong>non</strong></span> <span class='ocrx_word' id='word_1_82' title='bbox 610 1399 756 1461; x_wconf 80' lang='lat' dir='ltr'><strong>haesitans</strong></span> <span class='ocrx_word' id='word_1_83' title='bbox 784 1397 922 1460; x_wconf 85' lang='lat' dir='ltr'><strong>litteral</strong></span> <span class='ocrx_word' id='word_1_84' title='bbox 945 1397 1042 1460; x_wconf 85' lang='lat' dir='ltr'><strong>notavi</strong></span> <span class='ocrx_word' id='word_1_85' title='bbox 1069 1408 1193 1480; x_wconf 88' lang='lat' dir='ltr'><strong>propter</strong></span> <span class='ocrx_word' id='word_1_86' title='bbox 1222 1419 1272 1462; x_wconf 87' lang='lat' dir='ltr'><strong>ves</strong></span> 
     </span>
     <span class='ocr_line' id='line_1_11' title="bbox 117 1500 1271 1584; baseline 0.003 -22"><span class='ocrx_word' id='word_1_87' title='bbox 117 1501 266 1581; x_wconf 89' lang='lat' dir='ltr'><strong>ligneum,</strong></span> <span class='ocrx_word' id='word_1_88' title='bbox 290 1501 368 1582; x_wconf 92' lang='lat' dir='ltr'><strong>quod</strong></span> <span class='ocrx_word' id='word_1_89' title='bbox 391 1500 581 1564; x_wconf 86' lang='lat' dir='ltr'><strong>testeblatzio</strong></span> <span class='ocrx_word' id='word_1_90' title='bbox 604 1502 709 1582; x_wconf 81' lang='lat' dir='ltr'><strong>Satyro</strong></span> <span class='ocrx_word' id='word_1_91' title='bbox 731 1501 836 1564; x_wconf 86' lang='lat' dir='ltr'><strong>infanti</strong></span> <span class='ocrx_word' id='word_1_92' title='bbox 863 1500 987 1582; x_wconf 89' lang='lat' dir='ltr'><strong>porrigit</strong></span> <span class='ocrx_word' id='word_1_93' title='bbox 1005 1517 1086 1564; x_wconf 91' lang='lat' dir='ltr'><strong>nunc</strong></span> <span class='ocrx_word' id='word_1_94' title='bbox 1106 1503 1271 1584; x_wconf 87' lang='lat' dir='ltr'><strong>deperdito,</strong></span> 
     </span>
     <span class='ocr_line' id='line_1_12' title="bbox 120 1603 1098 1668; baseline -0.006 -1"><span class='ocrx_word' id='word_1_95' title='bbox 120 1615 158 1667; x_wconf 88' lang='lat' dir='ltr'><strong>ut</strong></span> <span class='ocrx_word' id='word_1_96' title='bbox 180 1603 306 1668; x_wconf 81' lang='lat' dir='ltr'><strong>biberet.</strong></span> <span class='ocrx_word' id='word_1_97' title='bbox 1094 1620 1098 1631; x_wconf 67' lang='grc'><strong>“</strong></span> 
     </span>
    </p>

    <p class='ocr_par' dir='ltr' id='par_1_5' title="bbox 121 1707 1272 2099">
     <span class='ocr_line' id='line_1_13' title="bbox 212 1707 1271 1790; baseline 0.002 -21"><span class='ocrx_word' id='word_1_98' title='bbox 212 1709 310 1770; x_wconf 89' lang='lat' dir='ltr'><strong>Baculi</strong></span> <span class='ocrx_word' id='word_1_99' title='bbox 342 1707 462 1770; x_wconf 88' lang='lat' dir='ltr'><strong>lerulini</strong></span> <span class='ocrx_word' id='word_1_100' title='bbox 497 1707 689 1788; x_wconf 82' lang='lat' dir='ltr'><strong>‘punctillum&#39;</strong></span> <span class='ocrx_word' id='word_1_101' title='bbox 722 1709 803 1771; x_wconf 84' lang='lat' dir='ltr'><strong>iuxta</strong></span> <span class='ocrx_word' id='word_1_102' title='bbox 826 1716 914 1790; x_wconf 88' lang='lat' dir='ltr'><strong>eaput</strong></span> <span class='ocrx_word' id='word_1_103' title='bbox 938 1709 1030 1772; x_wconf 88' lang='lat' dir='ltr'><strong>Sileni</strong></span> <span class='ocrx_word' id='word_1_104' title='bbox 1052 1711 1179 1773; x_wconf 88' lang='lat' dir='ltr'><strong>servarit</strong></span> <span class='ocrx_word' id='word_1_105' title='bbox 1201 1710 1271 1773; x_wconf 87' lang='lat' dir='ltr'><strong>Cob.</strong></span> 
     </span>
     <span class='ocr_line' id='line_1_14' title="bbox 121 1811 1272 1893; baseline 0.002 -19"><span class='ocrx_word' id='word_1_106' title='bbox 121 1812 266 1875; x_wconf 86' lang='lat' dir='ltr'><strong>Ceterum</strong></span> <span class='ocrx_word' id='word_1_107' title='bbox 289 1831 395 1893; x_wconf 90' lang='lat' dir='ltr'><strong>parum</strong></span> <span class='ocrx_word' id='word_1_108' title='bbox 418 1821 557 1875; x_wconf 89' lang='lat' dir='ltr'><strong>constans</strong></span> <span class='ocrx_word' id='word_1_109' title='bbox 580 1822 626 1874; x_wconf 89' lang='lat' dir='ltr'><strong>est</strong></span> <span class='ocrx_word' id='word_1_110' title='bbox 648 1813 680 1874; x_wconf 92' lang='lat' dir='ltr'><strong>in</strong></span> <span class='ocrx_word' id='word_1_111' title='bbox 702 1813 756 1875; x_wconf 91' lang='lat' dir='ltr'><strong>bac</strong></span> <span class='ocrx_word' id='word_1_112' title='bbox 778 1811 863 1874; x_wconf 78' lang='lat' dir='ltr'><strong>classi</strong></span> <span class='ocrx_word' id='word_1_113' title='bbox 886 1821 1022 1892; x_wconf 81' lang='lat' dir='ltr'><strong>typorum</strong></span> <span class='ocrx_word' id='word_1_114' title='bbox 1047 1831 1127 1890; x_wconf 91' lang='lat' dir='ltr'><strong>usus,</strong></span> <span class='ocrx_word' id='word_1_115' title='bbox 1150 1833 1217 1877; x_wconf 89' lang='lat' dir='ltr'><strong>cum</strong></span> <span class='ocrx_word' id='word_1_116' title='bbox 1240 1814 1272 1876; x_wconf 94' lang='lat' dir='ltr'><strong>in</strong></span> 
     </span>
     <span class='ocr_line' id='line_1_15' title="bbox 125 1914 1268 2000; baseline 0.003 -24"><span class='ocrx_word' id='word_1_117' title='bbox 125 1914 166 1976; x_wconf 82' lang='lat'><strong>19</strong></span> <span class='ocrx_word' id='word_1_118' title='bbox 196 1923 364 1996; x_wconf 81' lang='lat' dir='ltr'><strong>compareat</strong></span> <span class='ocrx_word' id='word_1_119' title='bbox 386 1936 434 1996; x_wconf 81' lang='lat' dir='ltr'><strong>e„</strong></span> <span class='ocrx_word' id='word_1_120' title='bbox 457 1916 507 1978; x_wconf 92' lang='lat' dir='ltr'><strong>hic</strong></span> <span class='ocrx_word' id='word_1_121' title='bbox 529 1923 629 1978; x_wconf 90' lang='lat' dir='ltr'><strong>autem</strong></span> <span class='ocrx_word' id='word_1_122' title='bbox 659 1934 781 1997; x_wconf 91' lang='lat' dir='ltr'><strong>prorsus</strong></span> <span class='ocrx_word' id='word_1_123' title='bbox 815 1915 918 1978; x_wconf 89' lang='lat' dir='ltr'><strong>eodem</strong></span> <span class='ocrx_word' id='word_1_124' title='bbox 952 1915 1043 1979; x_wconf 94' lang='lat' dir='ltr'><strong>modo</strong></span> <span class='ocrx_word' id='word_1_125' title='bbox 1077 1936 1135 2000; x_wconf 91' lang='lat' dir='ltr'><strong>quo</strong></span> <span class='ocrx_word' id='word_1_126' title='bbox 1162 1918 1192 1979; x_wconf 94' lang='lat' dir='ltr'><strong>in</strong></span> <span class='ocrx_word' id='word_1_127' title='bbox 1215 1918 1268 1979; x_wconf 81' lang='lat' dir='ltr'><strong>nt</strong></span> 
     </span>
     <span class='ocr_line' id='line_1_16' title="bbox 123 2017 491 2099; baseline 0 -19"><span class='ocrx_word' id='word_1_128' title='bbox 123 2017 245 2080; x_wconf 90' lang='lat' dir='ltr'><strong>Silenus</strong></span> <span class='ocrx_word' id='word_1_129' title='bbox 268 2037 423 2099; x_wconf 87' lang='lat' dir='ltr'><strong>expressus</strong></span> <span class='ocrx_word' id='word_1_130' title='bbox 446 2019 491 2081; x_wconf 82' lang='lat' dir='ltr'><strong>sit</strong></span> 
     </span>
    </p>

    <p class='ocr_par' dir='ltr' id='par_1_6' title="bbox 124 2121 1273 2618">
     <span class='ocr_line' id='line_1_17' title="bbox 214 2121 1272 2204; baseline 0.002 -20"><span class='ocrx_word' id='word_1_131' title='bbox 214 2121 414 2184; x_wconf 81' lang='lat' dir='ltr'><strong>Constantiam</strong></span> <span class='ocrx_word' id='word_1_132' title='bbox 436 2141 505 2184; x_wconf 92' lang='lat' dir='ltr'><strong>vero</strong></span> <span class='ocrx_word' id='word_1_133' title='bbox 528 2141 585 2204; x_wconf 88' lang='lat' dir='ltr'><strong>qua</strong></span> <span class='ocrx_word' id='word_1_134' title='bbox 607 2123 669 2185; x_wconf 91' lang='lat' dir='ltr'><strong>Pan</strong></span> <span class='ocrx_word' id='word_1_135' title='bbox 684 2122 780 2202; x_wconf 83' lang='lat' dir='ltr'><strong>bigam</strong></span> <span class='ocrx_word' id='word_1_136' title='bbox 804 2124 915 2186; x_wconf 88' lang='lat' dir='ltr'><strong>ducens</strong></span> <span class='ocrx_word' id='word_1_137' title='bbox 937 2127 981 2204; x_wconf 80' lang='grc' dir='ltr'><strong>(γ)</strong></span> <span class='ocrx_word' id='word_1_138' title='bbox 1004 2125 1039 2187; x_wconf 88' lang='lat' dir='ltr'><strong>ab</strong></span> <span class='ocrx_word' id='word_1_139' title='bbox 1061 2124 1150 2190; x_wconf 91' lang='lat' dir='ltr'><strong>buius</strong></span> <span class='ocrx_word' id='word_1_140' title='bbox 1172 2124 1272 2188; x_wconf 89' lang='lat' dir='ltr'><strong>classis</strong></span> 
     </span>
     <span class='ocr_line' id='line_1_18' title="bbox 127 2225 1272 2309; baseline 0.002 -23"><span class='ocrx_word' id='word_1_141' title='bbox 127 2225 300 2306; x_wconf 83' lang='lat' dir='ltr'><strong>anaglyphis</strong></span> <span class='ocrx_word' id='word_1_142' title='bbox 323 2225 436 2288; x_wconf 89' lang='lat' dir='ltr'><strong>alienus</strong></span> <span class='ocrx_word' id='word_1_143' title='bbox 458 2233 504 2288; x_wconf 90' lang='lat' dir='ltr'><strong>est</strong></span> <span class='ocrx_word' id='word_1_144' title='bbox 527 2225 607 2288; x_wconf 86' lang='lat' dir='ltr'><strong>casui</strong></span> <span class='ocrx_word' id='word_1_145' title='bbox 621 2226 809 2288; x_wconf 86' lang='lat' dir='ltr'><strong>tribuendam</strong></span> <span class='ocrx_word' id='word_1_146' title='bbox 833 2238 917 2307; x_wconf 91' lang='lat' dir='ltr'><strong>puto,</strong></span> <span class='ocrx_word' id='word_1_147' title='bbox 940 2237 970 2290; x_wconf 88' lang='lat' dir='ltr'><strong>et</strong></span> <span class='ocrx_word' id='word_1_148' title='bbox 985 2236 1107 2309; x_wconf 88' lang='lat' dir='ltr'><strong>propter</strong></span> <span class='ocrx_word' id='word_1_149' title='bbox 1133 2228 1272 2308; x_wconf 85' lang='lat' dir='ltr'><strong>exiguum</strong></span> 
     </span>
     <span class='ocr_line' id='line_1_19' title="bbox 125 2329 1272 2414; baseline 0.004 -24"><span class='ocrx_word' id='word_1_150' title='bbox 125 2329 250 2392; x_wconf 89' lang='lat' dir='ltr'><strong>testium</strong></span> <span class='ocrx_word' id='word_1_151' title='bbox 268 2345 449 2400; x_wconf 88' lang='lat' dir='ltr'><strong>numerum,</strong></span> <span class='ocrx_word' id='word_1_152' title='bbox 478 2336 508 2390; x_wconf 90' lang='lat' dir='ltr'><strong>et</strong></span> <span class='ocrx_word' id='word_1_153' title='bbox 529 2339 651 2411; x_wconf 87' lang='lat' dir='ltr'><strong>propter</strong></span> <span class='ocrx_word' id='word_1_154' title='bbox 673 2331 870 2411; x_wconf 83' lang='lat' dir='ltr'><strong>anaglyphum</strong></span> <span class='ocrx_word' id='word_1_155' title='bbox 897 2332 973 2412; x_wconf 91' lang='lat' dir='ltr'><strong>apud</strong></span> <span class='ocrx_word' id='word_1_156' title='bbox 995 2331 1067 2392; x_wconf 79' lang='lat' dir='ltr'><strong>ll-ll</strong></span> <span class='ocrx_word' id='word_1_157' title='bbox 1090 2331 1272 2414; x_wconf 88' lang='lat' dir='ltr'><strong>descriptum</strong></span> 
     </span>
     <span class='ocr_line' id='line_1_20' title="bbox 124 2432 1273 2515; baseline 0.008 -23"><span class='ocrx_word' id='word_1_158' title='bbox 124 2432 183 2494; x_wconf 91' lang='lat' dir='ltr'><strong>sub</strong></span> <span class='ocrx_word' id='word_1_159' title='bbox 207 2451 333 2494; x_wconf 90' lang='lat' dir='ltr'><strong>numero</strong></span> <span class='ocrx_word' id='word_1_160' title='bbox 356 2432 438 2515; x_wconf 77' lang='lat'><strong>2757</strong></span> <span class='ocrx_word' id='word_1_161' title='bbox 462 2433 493 2494; x_wconf 91' lang='lat' dir='ltr'><strong>iu</strong></span> <span class='ocrx_word' id='word_1_162' title='bbox 515 2451 575 2514; x_wconf 93' lang='lat' dir='ltr'><strong>quo</strong></span> <span class='ocrx_word' id='word_1_163' title='bbox 608 2434 670 2497; x_wconf 87' lang='lat' dir='ltr'><strong>Pan</strong></span> <span class='ocrx_word' id='word_1_164' title='bbox 703 2435 800 2515; x_wconf 83' lang='lat' dir='ltr'><strong>bigam</strong></span> <span class='ocrx_word' id='word_1_165' title='bbox 835 2435 915 2496; x_wconf 90' lang='lat' dir='ltr'><strong>ducit</strong></span> <span class='ocrx_word' id='word_1_166' title='bbox 948 2434 979 2495; x_wconf 90' lang='lat' dir='ltr'><strong>in</strong></span> <span class='ocrx_word' id='word_1_167' title='bbox 1009 2437 1153 2499; x_wconf 78' lang='lat' dir='ltr'><strong>Amorum</strong></span> <span class='ocrx_word' id='word_1_168' title='bbox 1176 2437 1273 2502; x_wconf 84' lang='lat' dir='ltr'><strong>thiaso</strong></span> 
     </span>
     <span class='ocr_line' id='line_1_21' title="bbox 125 2536 588 2618; baseline 0.002 -21"><span class='ocrx_word' id='word_1_169' title='bbox 125 2554 189 2598; x_wconf 90' lang='lat' dir='ltr'><strong>nou</strong></span> <span class='ocrx_word' id='word_1_170' title='bbox 212 2537 346 2600; x_wconf 86' lang='lat' dir='ltr'><strong>dissimili</strong></span> <span class='ocrx_word' id='word_1_171' title='bbox 368 2545 436 2618; x_wconf 83' lang='lat' dir='ltr'><strong>typo</strong></span> <span class='ocrx_word' id='word_1_172' title='bbox 459 2536 523 2598; x_wconf 72' lang='lat' dir='ltr'><strong>Ab.</strong></span> <span class='ocrx_word' id='word_1_173' title='bbox 547 2571 588 2582; x_wconf 89' lang='lat'><em>-</em></span> 
     </span>
    </p>
   </div>
   <div class='ocr_carea' id='block_1_3' title="bbox 598 2811 815 2892">
    <p class='ocr_par' dir='ltr' id='par_1_7' title="bbox 598 2811 815 2892">
     <span class='ocr_line' id='line_1_22' title="bbox 598 2811 815 2892; baseline -0.009 -20"><span class='ocrx_word' id='word_1_174' title='bbox 598 2811 723 2892; x_wconf 80' lang='lat' dir='ltr'><strong>&#39;lypus</strong></span> <span class='ocrx_word' id='word_1_175' title='bbox 746 2811 815 2872; x_wconf 88' lang='grc' dir='ltr'><strong>ΠΒ.</strong></span> 
     </span>
    </p>
   </div>
   <div class='ocr_carea' id='block_1_4' title="bbox 125 2923 1273 3240">
    <p class='ocr_par' dir='ltr' id='par_1_8' title="bbox 125 2923 1273 3240">
     <span class='ocr_line' id='line_1_23' title="bbox 217 2923 1273 3033; baseline 0.002 -21"><span class='ocrx_word' id='word_1_176' title='bbox 217 2923 363 3024; x_wconf 83' lang='lat' dir='ltr'><strong>Quattuor</strong></span> <span class='ocrx_word' id='word_1_177' title='bbox 379 2952 538 3031; x_wconf 89' lang='lat' dir='ltr'><strong>anaglypha</strong></span> <span class='ocrx_word' id='word_1_178' title='bbox 564 2959 749 3032; x_wconf 89' lang='lat' dir='ltr'><strong>componunt</strong></span> <span class='ocrx_word' id='word_1_179' title='bbox 770 2951 894 3014; x_wconf 88' lang='lat' dir='ltr'><strong>classem</strong></span> <span class='ocrx_word' id='word_1_180' title='bbox 911 2951 943 3025; x_wconf 89' lang='lat' dir='ltr'><strong>B,</strong></span> <span class='ocrx_word' id='word_1_181' title='bbox 969 2968 1098 3031; x_wconf 90' lang='lat' dir='ltr'><strong>quorum</strong></span> <span class='ocrx_word' id='word_1_182' title='bbox 1123 2951 1182 3013; x_wconf 92' lang='lat' dir='ltr'><strong>duo</strong></span> <span class='ocrx_word' id='word_1_183' title='bbox 1198 2969 1273 3033; x_wconf 88' lang='lat' dir='ltr'><strong>quae</strong></span> 
     </span>
     <span class='ocr_line' id='line_1_24' title="bbox 125 3053 1272 3136; baseline 0 -20"><span class='ocrx_word' id='word_1_184' title='bbox 125 3054 278 3116; x_wconf 86' lang='lat' dir='ltr'><strong>Bacchum</strong></span> <span class='ocrx_word' id='word_1_185' title='bbox 303 3063 470 3116; x_wconf 86' lang='lat' dir='ltr'><strong>monstrant</strong></span> <span class='ocrx_word' id='word_1_186' title='bbox 486 3055 629 3118; x_wconf 89' lang='lat' dir='ltr'><strong>iacentem</strong></span> <span class='ocrx_word' id='word_1_187' title='bbox 655 3065 684 3116; x_wconf 90' lang='lat' dir='ltr'><strong>et</strong></span> <span class='ocrx_word' id='word_1_188' title='bbox 698 3055 785 3116; x_wconf 90' lang='lat' dir='ltr'><strong>iuter.</strong></span> <span class='ocrx_word' id='word_1_189' title='bbox 798 3073 830 3118; x_wconf 90' lang='lat' dir='ltr'><strong>se</strong></span> <span class='ocrx_word' id='word_1_190' title='bbox 845 3065 915 3115; x_wconf 89' lang='lat' dir='ltr'><strong>sunt</strong></span> <span class='ocrx_word' id='word_1_191' title='bbox 930 3053 1087 3130; x_wconf 89' lang='lat' dir='ltr'><strong>simillima,</strong></span> <span class='ocrx_word' id='word_1_192' title='bbox 1113 3055 1137 3116; x_wconf 91' lang='lat' dir='ltr'><strong>si</strong></span> <span class='ocrx_word' id='word_1_193' title='bbox 1167 3055 1272 3136; x_wconf 91' lang='lat' dir='ltr'><strong>placet,</strong></span> 
     </span>
     <span class='ocr_line' id='line_1_25' title="bbox 126 3157 1271 3240; baseline 0 -20"><span class='ocrx_word' id='word_1_194' title='bbox 126 3159 188 3232; x_wconf 84' lang='lat' dir='ltr'><strong>Bi,</strong></span> <span class='ocrx_word' id='word_1_195' title='bbox 219 3158 278 3219; x_wconf 93' lang='lat' dir='ltr'><strong>duo</strong></span> <span class='ocrx_word' id='word_1_196' title='bbox 309 3159 420 3239; x_wconf 90' lang='lat' dir='ltr'><strong>reliqua</strong></span> <span class='ocrx_word' id='word_1_197' title='bbox 446 3158 477 3220; x_wconf 92' lang='lat' dir='ltr'><strong>in</strong></span> <span class='ocrx_word' id='word_1_198' title='bbox 503 3159 611 3240; x_wconf 92' lang='lat' dir='ltr'><strong>quibus</strong></span> <span class='ocrx_word' id='word_1_199' title='bbox 637 3160 719 3222; x_wconf 88' lang='lat' dir='ltr'><strong>sedet</strong></span> <span class='ocrx_word' id='word_1_200' title='bbox 745 3159 819 3236; x_wconf 87' lang='lat' dir='ltr'><strong>deus</strong></span> <span class='ocrx_word' id='word_1_201' title='bbox 845 3157 896 3218; x_wconf 80' lang='lat'><strong>132</strong></span> <span class='ocrx_word' id='word_1_202' title='bbox 923 3158 1156 3238; x_wconf 88' lang='lat' dir='ltr'><strong>comprehendas</strong></span> <span class='ocrx_word' id='word_1_203' title='bbox 1182 3159 1271 3238; x_wconf 88' lang='lat' dir='ltr'><strong>siglis.</strong></span> 
     </span>
    </p>
   </div>
   <div class='ocr_carea' id='block_1_5' title="bbox 672 3348 735 3409">
    <p class='ocr_par' dir='ltr' id='par_1_9' title="bbox 672 3348 735 3409">
     <span class='ocr_line' id='line_1_26' title="bbox 672 3348 735 3409; baseline 0.016 -1"><span class='ocrx_word' id='word_1_204' title='bbox 672 3348 735 3409; x_wconf 87' lang='lat' dir='ltr'><strong>Bi.</strong></span> 
     </span>
    </p>
   </div>
   <div class='ocr_carea' id='block_1_6' title="bbox 696 3486 718 3548">
    <p class='ocr_par' dir='ltr' id='par_1_10' title="bbox 696 3486 718 3548">
     <span class='ocr_line' id='line_1_27' title="bbox 696 3486 718 3548; baseline 0.091 -2"><span class='ocrx_word' id='word_1_205' title='bbox 696 3486 718 3548; x_wconf 95' lang='lat' dir='ltr'><strong>l.</strong></span> 
     </span>
    </p>
   </div>
   <div class='ocr_carea' id='block_1_7' title="bbox 107 3583 1325 4514">
    <p class='ocr_par' dir='ltr' id='par_1_11' title="bbox 215 3583 1325 3671">
     <span class='ocr_line' id='line_1_28' title="bbox 215 3583 1325 3671; baseline 0.005 -6"><span class='ocrx_word' id='word_1_206' title='bbox 215 3583 265 3666; x_wconf 79' lang='lat' dir='ltr'><strong>si.</strong></span> <span class='ocrx_word' id='word_1_207' title='bbox 289 3605 449 3668; x_wconf 74' lang='lat' dir='ltr'><strong>couvre.</strong></span> <span class='ocrx_word' id='word_1_208' title='bbox 487 3607 625 3668; x_wconf 72' lang='lat' dir='ltr'><strong>naraon</strong></span> <span class='ocrx_word' id='word_1_209' title='bbox 644 3607 713 3668; x_wconf 76' lang='lat' dir='ltr'><strong>rao.</strong></span> <span class='ocrx_word' id='word_1_210' title='bbox 747 3606 817 3668; x_wconf 82' lang='lat' dir='ltr'><strong>coo.</strong></span> <span class='ocrx_word' id='word_1_211' title='bbox 834 3603 890 3667; x_wconf 80' lang='lat' dir='ltr'><strong>as:</strong></span> <span class='ocrx_word' id='word_1_212' title='bbox 914 3604 1029 3667; x_wconf 81' lang='lat' dir='ltr'><strong>noel.</strong></span> <span class='ocrx_word' id='word_1_213' title='bbox 1045 3605 1110 3667; x_wconf 69' lang='lat' dir='ltr'><strong>ret.</strong></span> <span class='ocrx_word' id='word_1_214' title='bbox 1128 3605 1160 3666; x_wconf 86' lang='lat' dir='ltr'><strong>r.</strong></span> <span class='ocrx_word' id='word_1_215' title='bbox 1178 3605 1270 3668; x_wconf 66' lang='lat' dir='ltr'><strong>ulcu.</strong></span> <span class='ocrx_word' id='word_1_216' title='bbox 1293 3619 1325 3671; x_wconf 79' lang='lat'><strong>22</strong></span> 
     </span>
    </p>

    <p class='ocr_par' dir='ltr' id='par_1_12' title="bbox 128 3707 1274 3978">
     <span class='ocr_line' id='line_1_29' title="bbox 216 3707 1273 3790; baseline 0.004 -22"><span class='ocrx_word' id='word_1_217' title='bbox 216 3707 343 3770; x_wconf 85' lang='lat' dir='ltr'><strong>Tabulae</strong></span> <span class='ocrx_word' id='word_1_218' title='bbox 369 3712 460 3790; x_wconf 85' lang='lat' dir='ltr'><strong>partis</strong></span> <span class='ocrx_word' id='word_1_219' title='bbox 486 3729 568 3772; x_wconf 93' lang='lat' dir='ltr'><strong>nunc</strong></span> <span class='ocrx_word' id='word_1_220' title='bbox 591 3709 761 3790; x_wconf 88' lang='lat' dir='ltr'><strong>deperditae</strong></span> <span class='ocrx_word' id='word_1_221' title='bbox 781 3710 938 3787; x_wconf 88' lang='lat' dir='ltr'><strong>imaginem</strong></span> <span class='ocrx_word' id='word_1_222' title='bbox 953 3709 1078 3771; x_wconf 89' lang='lat' dir='ltr'><strong>servavit</strong></span> <span class='ocrx_word' id='word_1_223' title='bbox 1093 3709 1173 3783; x_wconf 77' lang='lat' dir='ltr'><strong>(lob,</strong></span> <span class='ocrx_word' id='word_1_224' title='bbox 1192 3711 1273 3772; x_wconf 87' lang='lat' dir='ltr'><strong>unde</strong></span> 
     </span>
     <span class='ocr_line' id='line_1_30' title="bbox 128 3813 1274 3895; baseline 0.002 -23"><span class='ocrx_word' id='word_1_225' title='bbox 128 3819 282 3892; x_wconf 88' lang='lat' dir='ltr'><strong>praeterea</strong></span> <span class='ocrx_word' id='word_1_226' title='bbox 304 3813 454 3884; x_wconf 84' lang='lat' dir='ltr'><strong>discimus,</strong></span> <span class='ocrx_word' id='word_1_227' title='bbox 476 3832 557 3876; x_wconf 90' lang='lat' dir='ltr'><strong>nunc</strong></span> <span class='ocrx_word' id='word_1_228' title='bbox 576 3833 667 3895; x_wconf 91' lang='lat' dir='ltr'><strong>pauca</strong></span> <span class='ocrx_word' id='word_1_229' title='bbox 687 3833 752 3876; x_wconf 91' lang='lat' dir='ltr'><strong>esse</strong></span> <span class='ocrx_word' id='word_1_230' title='bbox 772 3823 951 3886; x_wconf 88' lang='lat' dir='ltr'><strong>restaurata,</strong></span> <span class='ocrx_word' id='word_1_231' title='bbox 976 3833 1050 3894; x_wconf 87' lang='lat' dir='ltr'><strong>quae</strong></span> <span class='ocrx_word' id='word_1_232' title='bbox 1070 3821 1171 3874; x_wconf 87' lang='lat' dir='ltr'><strong>tamen</strong></span> <span class='ocrx_word' id='word_1_233' title='bbox 1192 3814 1274 3894; x_wconf 87' lang='lat' dir='ltr'><strong>parri</strong></span> 
     </span>
     <span class='ocr_line' id='line_1_31' title="bbox 130 3917 370 3978; baseline 0.017 -4"><span class='ocrx_word' id='word_1_234' title='bbox 130 3917 203 3977; x_wconf 90' lang='lat' dir='ltr'><strong>subt</strong></span> <span class='ocrx_word' id='word_1_235' title='bbox 220 3917 370 3978; x_wconf 91' lang='lat' dir='ltr'><strong>momenti.</strong></span> 
     </span>
    </p>

    <p class='ocr_par' dir='ltr' id='par_1_13' title="bbox 130 4019 1274 4412">
     <span class='ocr_line' id='line_1_32' title="bbox 218 4019 1273 4103; baseline 0.001 -22"><span class='ocrx_word' id='word_1_236' title='bbox 218 4019 400 4099; x_wconf 88' lang='lat' dir='ltr'><strong>Compositio</strong></span> <span class='ocrx_word' id='word_1_237' title='bbox 415 4022 505 4083; x_wconf 90' lang='lat' dir='ltr'><strong>buius</strong></span> <span class='ocrx_word' id='word_1_238' title='bbox 519 4021 672 4103; x_wconf 82' lang='lat' dir='ltr'><strong>anaglyphi</strong></span> <span class='ocrx_word' id='word_1_239' title='bbox 688 4021 772 4101; x_wconf 90' lang='lat' dir='ltr'><strong>longe</strong></span> <span class='ocrx_word' id='word_1_240' title='bbox 799 4021 888 4084; x_wconf 87' lang='lat' dir='ltr'><strong>distat</strong></span> <span class='ocrx_word' id='word_1_241' title='bbox 914 4039 930 4083; x_wconf 88' lang='lat' dir='ltr'><strong>a</strong></span> <span class='ocrx_word' id='word_1_242' title='bbox 952 4020 1051 4101; x_wconf 87' lang='lat' dir='ltr'><strong>priore</strong></span> <span class='ocrx_word' id='word_1_243' title='bbox 1077 4019 1172 4092; x_wconf 89' lang='lat' dir='ltr'><strong>classi,</strong></span> <span class='ocrx_word' id='word_1_244' title='bbox 1203 4037 1273 4082; x_wconf 89' lang='lat' dir='ltr'><strong>nam</strong></span> 
     </span>
     <span class='ocr_line' id='line_1_33' title="bbox 130 4121 1271 4203; baseline 0.002 -21"><span class='ocrx_word' id='word_1_245' title='bbox 130 4140 201 4201; x_wconf 87' lang='lat' dir='ltr'><strong>pars</strong></span> <span class='ocrx_word' id='word_1_246' title='bbox 217 4123 395 4202; x_wconf 88' lang='lat' dir='ltr'><strong>principalis,</strong></span> <span class='ocrx_word' id='word_1_247' title='bbox 411 4125 517 4185; x_wconf 83' lang='lat' dir='ltr'><strong>bacchi</strong></span> <span class='ocrx_word' id='word_1_248' title='bbox 533 4125 599 4185; x_wconf 92' lang='lat' dir='ltr'><strong>dico</strong></span> <span class='ocrx_word' id='word_1_249' title='bbox 616 4125 722 4203; x_wconf 91' lang='lat' dir='ltr'><strong>bigam,</strong></span> <span class='ocrx_word' id='word_1_250' title='bbox 737 4143 799 4187; x_wconf 92' lang='lat' dir='ltr'><strong>non</strong></span> <span class='ocrx_word' id='word_1_251' title='bbox 815 4127 846 4186; x_wconf 94' lang='lat' dir='ltr'><strong>in</strong></span> <span class='ocrx_word' id='word_1_252' title='bbox 861 4123 977 4186; x_wconf 87' lang='lat' dir='ltr'><strong>tabulae</strong></span> <span class='ocrx_word' id='word_1_253' title='bbox 1005 4122 1092 4184; x_wconf 94' lang='lat' dir='ltr'><strong>initio</strong></span> <span class='ocrx_word' id='word_1_254' title='bbox 1108 4121 1201 4203; x_wconf 90' lang='lat' dir='ltr'><strong>posita</strong></span> <span class='ocrx_word' id='word_1_255' title='bbox 1214 4131 1271 4186; x_wconf 83' lang='lat' dir='ltr'><strong>est.</strong></span> 
     </span>
     <span class='ocr_line' id='line_1_34' title="bbox 131 4223 1274 4308; baseline 0.003 -24"><span class='ocrx_word' id='word_1_256' title='bbox 131 4223 341 4304; x_wconf 87' lang='lat' dir='ltr'><strong>lucipitautem</strong></span> <span class='ocrx_word' id='word_1_257' title='bbox 351 4228 546 4308; x_wconf 79' lang='lat' dir='ltr'><strong>anaglyphum</strong></span> <span class='ocrx_word' id='word_1_258' title='bbox 562 4247 579 4289; x_wconf 90' lang='lat' dir='ltr'><strong>a</strong></span> <span class='ocrx_word' id='word_1_259' title='bbox 594 4228 701 4290; x_wconf 86' lang='lat' dir='ltr'><strong>lemine</strong></span> <span class='ocrx_word' id='word_1_260' title='bbox 712 4245 801 4308; x_wconf 93' lang='lat' dir='ltr'><strong>quam</strong></span> <span class='ocrx_word' id='word_1_261' title='bbox 816 4229 890 4297; x_wconf 82' lang='lat' dir='ltr'><strong>falso</strong></span> <span class='ocrx_word' id='word_1_262' title='bbox 907 4229 1011 4289; x_wconf 86' lang='lat' dir='ltr'><strong>alatam</strong></span> <span class='ocrx_word' id='word_1_263' title='bbox 1028 4226 1146 4288; x_wconf 83' lang='lat' dir='ltr'><strong>exbibet</strong></span> <span class='ocrx_word' id='word_1_264' title='bbox 1160 4226 1274 4303; x_wconf 67' lang='lat' dir='ltr'><strong>Claram</strong></span> 
     </span>
     <span class='ocr_line' id='line_1_35' title="bbox 131 4327 1274 4412; baseline 0.003 -24"><span class='ocrx_word' id='word_1_265' title='bbox 131 4337 177 4389; x_wconf 84' lang='lat' dir='ltr'><strong>est</strong></span> <span class='ocrx_word' id='word_1_266' title='bbox 192 4327 271 4389; x_wconf 89' lang='lat' dir='ltr'><strong>enim</strong></span> <span class='ocrx_word' id='word_1_267' title='bbox 287 4329 409 4402; x_wconf 88' lang='lat' dir='ltr'><strong>Baccha,</strong></span> <span class='ocrx_word' id='word_1_268' title='bbox 433 4349 509 4409; x_wconf 88' lang='lat' dir='ltr'><strong>quae</strong></span> <span class='ocrx_word' id='word_1_269' title='bbox 530 4341 685 4412; x_wconf 88' lang='lat' dir='ltr'><strong>tropaeum</strong></span> <span class='ocrx_word' id='word_1_270' title='bbox 711 4340 819 4412; x_wconf 88' lang='lat' dir='ltr'><strong>portat,</strong></span> <span class='ocrx_word' id='word_1_271' title='bbox 845 4331 928 4392; x_wconf 89' lang='lat' dir='ltr'><strong>cuius</strong></span> <span class='ocrx_word' id='word_1_272' title='bbox 948 4331 1060 4391; x_wconf 91' lang='lat' dir='ltr'><strong>hastam</strong></span> <span class='ocrx_word' id='word_1_273' title='bbox 1084 4330 1184 4393; x_wconf 82' lang='lat' dir='ltr'><strong>videre</strong></span> <span class='ocrx_word' id='word_1_274' title='bbox 1206 4331 1274 4392; x_wconf 89' lang='lat' dir='ltr'><strong>licet</strong></span> 
     </span>
    </p>

    <p class='ocr_par' dir='ltr' id='par_1_14' title="bbox 107 4432 1272 4514">
     <span class='ocr_line' id='line_1_36' title="bbox 107 4432 1272 4514; baseline 0 -20"><span class='ocrx_word' id='word_1_275' title='bbox 107 4473 111 4480; x_wconf 91' lang='lat'>-</span> <span class='ocrx_word' id='word_1_276' title='bbox 131 4434 176 4494; x_wconf 92' lang='lat' dir='ltr'><strong>vel</strong></span> <span class='ocrx_word' id='word_1_277' title='bbox 197 4433 226 4494; x_wconf 90' lang='lat' dir='ltr'><strong>in</strong></span> <span class='ocrx_word' id='word_1_278' title='bbox 243 4432 313 4504; x_wconf 82' lang='lat' dir='ltr'><strong>Cob,</strong></span> <span class='ocrx_word' id='word_1_279' title='bbox 340 4435 535 4514; x_wconf 89' lang='lat' dir='ltr'><strong>,punctillum‘</strong></span> <span class='ocrx_word' id='word_1_280' title='bbox 557 4434 636 4496; x_wconf 80' lang='lat' dir='ltr'><strong>iuxta</strong></span> <span class='ocrx_word' id='word_1_281' title='bbox 653 4435 782 4496; x_wconf 86' lang='lat' dir='ltr'><strong>Bacchae</strong></span> <span class='ocrx_word' id='word_1_282' title='bbox 797 4443 886 4514; x_wconf 90' lang='lat' dir='ltr'><strong>caput</strong></span> <span class='ocrx_word' id='word_1_283' title='bbox 901 4432 1082 4512; x_wconf 91' lang='lat' dir='ltr'><strong>conspicitur</strong></span> <span class='ocrx_word' id='word_1_284' title='bbox 1096 4433 1173 4514; x_wconf 90' lang='lat' dir='ltr'><strong>apud</strong></span> <span class='ocrx_word' id='word_1_285' title='bbox 1190 4433 1272 4494; x_wconf 85' lang='lat' dir='ltr'><strong>Eicb.</strong></span> 
     </span>
    </p>
   </div>
   <div class='ocr_carea' id='block_1_8' title="bbox 132 4536 1114 4692">
    <p class='ocr_par' dir='ltr' id='par_1_15' title="bbox 132 4536 1114 4692">
     <span class='ocr_line' id='line_1_37' title="bbox 132 4536 941 4617; baseline -0.002 -18"><span class='ocrx_word' id='word_1_286' title='bbox 132 4536 243 4599; x_wconf 90' lang='lat' dir='ltr'><strong>Similis</strong></span> <span class='ocrx_word' id='word_1_287' title='bbox 269 4537 380 4614; x_wconf 81' lang='lat' dir='ltr'><strong>Baccha</strong></span> <span class='ocrx_word' id='word_1_288' title='bbox 406 4557 512 4617; x_wconf 90' lang='lat' dir='ltr'><strong>agmen</strong></span> <span class='ocrx_word' id='word_1_289' title='bbox 539 4538 646 4600; x_wconf 85' lang='lat' dir='ltr'><strong>claudit</strong></span> <span class='ocrx_word' id='word_1_290' title='bbox 673 4538 709 4599; x_wconf 90' lang='lat' dir='ltr'><strong>ab</strong></span> <span class='ocrx_word' id='word_1_291' title='bbox 734 4538 824 4599; x_wconf 87' lang='lat' dir='ltr'><strong>altera</strong></span> <span class='ocrx_word' id='word_1_292' title='bbox 850 4545 941 4617; x_wconf 90' lang='lat' dir='ltr'><strong>parte.</strong></span> 
     </span>
     <span class='ocr_line' id='line_1_38' title="bbox 183 4635 1114 4692; baseline 0.005 -15"><span class='ocrx_word' id='word_1_293' title='bbox 183 4635 258 4686; x_wconf 77' lang='lat' dir='ltr'><strong>(irael,</strong></span> <span class='ocrx_word' id='word_1_294' title='bbox 274 4635 301 4680; x_wconf 82' lang='lat' dir='ltr'><strong>de</strong></span> <span class='ocrx_word' id='word_1_295' title='bbox 315 4637 395 4681; x_wconf 80' lang='lat' dir='ltr'><strong>Bneebi</strong></span> <span class='ocrx_word' id='word_1_296' title='bbox 409 4638 548 4692; x_wconf 86' lang='lat' dir='ltr'><strong>expeditione</strong></span> <span class='ocrx_word' id='word_1_297' title='bbox 562 4637 647 4684; x_wconf 79' lang='lat' dir='ltr'><strong>Indica.</strong></span> <span class='ocrx_word' id='word_1_298' title='bbox 1097 4637 1114 4691; x_wconf 88' lang='grc'>3</span> 
     </span>
    </p>
   </div>
   <div class='ocr_carea' id='block_1_9' title="bbox 0 0 1617 5246">
    <p class='ocr_par' dir='ltr' id='par_1_16' title="bbox 0 0 1617 5246">
     <span class='ocr_line' id='line_1_39' title="bbox 0 0 1617 5246; baseline 0 0"><span class='ocrx_word' id='word_1_299' title='bbox 0 0 1617 5246; x_wconf 95' lang='lat' dir='ltr'><strong> </strong></span> 
     </span>
    </p>
   </div>
  </div>
 </body>
</html>
