3202 5246
820 403 854 414 -
903 367 944 430 24
991 401 1033 414 ..

831 545 929 624 'l'ypus
953 544 1014 606 la.

438 683 490 744 llic
516 693 616 764 typus,
645 685 696 766 qui
722 685 782 746 iam
815 681 906 743 multo
937 682 1035 744 minus
1062 692 1125 744 arto
1153 703 1221 745 cum
1252 685 1516 747 antecedentibus

354 789 469 849 vinculo
492 789 667 851 coniunctus
690 797 745 866 est,
768 784 889 868 praebet
911 785 1057 848 Bacchum
1081 794 1209 848 stantem
1232 787 1264 848 in
1291 789 1414 858 esseda,
1447 809 1514 868 qua

352 890 486 952 centauri
500 890 651 953 subiuncti
663 898 744 960 sunt,
760 890 915 952 adversum
928 890 1022 970 capite
1033 891 1194 970 paullulum
1208 891 1396 953 dextrorsum
1418 911 1513 953 verso

354 996 441 1056 modo
457 995 578 1058 nebride
593 994 734 1056 amictum
751 995 854 1072 Satyro
869 991 1005 1054 innixum
1022 993 1106 1055 cuius
1123 1013 1225 1056 umero
1242 995 1376 1056 dextram
1401 995 1512 1075 impo-

353 1099 426 1171 suit.;
464 1099 581 1161 sinistra
615 1115 706 1160 manu
738 1103 820 1158 tenet
851 1094 995 1174 thyrsum.
1055 1095 1271 1158 Centaurorum
1306 1098 1355 1158 ille
1387 1099 1444 1178 qui
1476 1099 1510 1160 in

354 1202 450 1264 tabula
474 1202 585 1264 eminet
614 1209 659 1262 cst
682 1219 759 1262 mas:
787 1199 878 1280 lyram
902 1198 1014 1278 plectro
1039 1199 1134 1279 pulsat
1155 1199 1260 1262 faciem
1288 1202 1508 1264 sinistrorsum

353 1313 521 1384 retorquct3
544 1304 653 1366 lentina
676 1313 722 1365 est
744 1303 833 1364 altera
856 1320 931 1381 quae
954 1300 1038 1366 tibias
1061 1303 1152 1364 inllat.

438 1408 567 1469 Scaenae
590 1405 759 1486 principalis
783 1424 857 1485 quae
880 1412 925 1466 est
952 1404 983 1466 in
1006 1407 1054 1466 hl
1080 1407 1224 1470 elementa
1255 1416 1372 1488 praeter
1395 1409 1507 1470 Victo-

353 1510 426 1572 riam
451 1521 481 1572 et
502 1510 645 1572 Baccbam
668 1509 753 1571 tibias
775 1508 926 1569 inllantem
957 1508 1036 1570 nulla
1058 1519 1247 1590 comparent,
1281 1530 1350 1572 nam
1375 1512 1507 1591 Satyrus

352 1614 457 1676 bacchi
468 1614 566 1676 socius
582 1613 654 1674 adeo
670 1613 805 1676 diversus
819 1619 864 1672 est
878 1630 894 1672 a
910 1610 1014 1692 Satyro
1030 1613 1051 1692 β
1068 1622 1099 1675 ut
1114 1615 1160 1676 vix
1174 1623 1243 1676 nota
1260 1616 1302 1696 d,
1326 1615 1438 1694 dignus
1453 1615 1505 1676 sit.

438 1715 588 1778 Habemus
610 1716 715 1796 igitur:
1036 1699 1039 1706 ’

481 1842 530 1894 012,
559 1838 738 1898 quamquam
768 1818 864 1900 paullo
899 1819 995 1882 dillert
1022 1819 1057 1884 ab
1085 1819 1325 1882 antecedentium
1358 1828 1503 1902 typorum

552 1921 695 1982 Victoriis.

480 2025 529 2103 da.
554 2021 583 2096 d,
612 2046 636 2084 s.

440 2127 593 2189 Praeterea
617 2138 783 2189 ceterorum
807 2127 1020 2188 elementorum
1045 2135 1161 2189 extant:

481 2251 528 2302 c2,
552 2231 581 2305 h,
604 2231 623 2300 l,
645 2251 670 2292 z.

438 2333 518 2395 Nova
540 2333 704 2395 accedunt:

482 2455 500 2496 n
546 2437 677 2514 Satyrus,
701 2434 752 2512 qui
775 2451 898 2512 puerum
922 2443 1021 2514 portat
1045 2453 1172 2498 umero.

482 2560 499 2600 o
543 2537 647 2600 Libera
669 2536 819 2617 pantheris
840 2537 954 2599 invecta
977 2538 1059 2618 bigis.

479 2662 498 2722 p
543 2640 653 2721 Captivi
675 2639 789 2720 pedites
805 2659 821 2702 a
837 2640 938 2720 Satyro
955 2641 1046 2712 ducti,
1070 2662 1196 2722 quorum
1215 2661 1291 2705 unus
1308 2644 1410 2718 (ceteri
1425 2656 1497 2706 sunt

543 2744 575 2804 in
598 2752 726 2804 extrema
748 2742 867 2822 scaena)
896 2761 985 2822 quem
1008 2763 1023 2804 a
1046 2752 1129 2824 tergo
1161 2745 1285 2806 vidimus
1313 2746 1401 2826 plane
1423 2768 1492 2808 con-

545 2846 636 2926 spirat
651 2865 717 2907 cum
736 2865 770 2906 eo
787 2844 837 2925 qui
853 2844 945 2906 estin
962 2855 1029 2926 typo
1044 2847 1056 2908 l
1072 2847 1150 2926 (vide
1165 2849 1323 2930 anaglypha
1341 2850 1367 2921 1,
1384 2849 1413 2922 3,
1429 2851 1494 2926 la).

441 2950 501 3011 lam
524 2950 559 3013 ad
583 2949 779 3030 sarcophagos
801 2948 882 3028 ipsos
905 2951 1123 3012 enumerandos
1145 2953 1333 3014 accedamus:

810 3123 930 3204 Typus
952 3124 1035 3186 hla.

909 3261 921 3322 l

441 3373 471 3431 5.
496 3371 600 3450 Lyon.
646 3372 856 3445 Comarmond‚
884 3372 959 3434 Mus.
982 3373 1068 3453 lapid.
1096 3375 1122 3434 1.
1167 3374 1265 3436 Eich.

440 3473 643 3552 Sarcophagus
667 3474 697 3533 ln
721 3474 892 3536 uniuersum
909 3476 979 3538 satis
995 3476 1070 3538 bene
1086 3485 1219 3538 servatus
1240 3487 1293 3550 cst,
1317 3482 1485 3544 recentioris

352 3595 410 3655 jam
433 3578 537 3639 aetatis
552 3575 651 3638 stilum
675 3593 748 3655 opus
777 3579 973 3659 anaglyphum
1004 3598 1038 3640 eo
1066 3579 1180 3660 prodit,
1210 3582 1288 3660 quod
1316 3584 1483 3664 compositio

357 3680 445 3742 nimis
468 3689 513 3740 cst
535 3680 619 3759 plena
643 3679 825 3761 inferiorque
847 3701 915 3762 pars
937 3684 1038 3764 figuris
1059 3683 1186 3764 parvulis
1208 3685 1315 3746 resarta
1339 3698 1391 3748 cst.

438 3782 591 3844 Continet:

480 3905 504 3958 c,
527 3905 551 3957 e,
574 3889 588 3946 l
608 3904 653 3947 nr.
677 3883 705 3946 2.

437 3989 590 4051 Praeterea
621 3997 772 4066 comparet
798 3990 1039 4071 camelopardalis
1069 4000 1097 4053 et
1124 3993 1251 4055 camelus
1279 3994 1308 4056 in
1338 4015 1394 4075 quo
1415 4017 1479 4077 puer

356 4093 470 4153 vehitur
492 4092 596 4152 baculo
619 4091 749 4153 aculeato
773 4101 913 4155 armatus.

438 4196 571 4257 Bacchus
586 4199 710 4268 l'ortasse
726 4195 854 4258 habenas
869 4195 987 4258 tenebat
1001 4197 1079 4260 laeva
1097 4219 1187 4262 manu
1203 4221 1279 4283 quae
1293 4205 1400 4266 nuncd
1419 4225 1477 4284 per·

359 4298 418 4361 dita
442 4309 497 4369 est,
520 4308 651 4360 servatae
674 4298 753 4358 enim
777 4309 848 4360 sunt
869 4298 1007 4379 reliqiuae
1031 4320 1130 4363 earum
1154 4304 1184 4366 in
1207 4323 1305 4369 curru.

438 4424 460 4462 a
482 4401 629 4464 Bacchum
654 4420 714 4463 non
736 4411 868 4463 coronat.

436 4503 523 4566 Pueri
546 4504 576 4566 in
599 4504 709 4566 leaenis
734 4515 805 4566 sunt
827 4505 961 4567 infantes.
