3202 5246
632 347 845 450 ..37-

131 522 320 584 elementa
343 524 452 597 omnia,
477 543 602 604 quorum
627 523 740 587 nullum
770 525 799 586 in
824 524 961 588 omnihus
989 538 1140 607 comparet
1162 531 1311 610 exemplis,

130 644 362 706 quamquam,
387 627 412 688 si
437 627 524 688 modo
540 639 723 707 comparent,
746 636 844 692 certus
867 629 939 692 ordo
955 629 1045 690 etiarn
1068 630 1308 696 his-constitutus

131 729 266 792 fuisse
283 729 434 804 videatur3
457 749 525 792 nam
549 731 579 792 in
601 740 670 812 typo
693 732 741 792 lt
769 751 886 812 semper
909 733 947 794 ita
970 752 1004 794 se
1018 733 1163 814 eripiunt:
1187 736 1214 810 d,
1238 755 1264 810 e,
1288 738 1309 808 l,

130 852 257 913 quern
282 833 415 895 ordinem
439 851 500 895 uon
523 834 581 895 iam
606 843 724 898 servant
745 837 776 897 in
800 835 849 896 tt
872 844 900 897 et
922 835 984 899 Α3.

254 937 312 999 Sed
336 935 389 999 alia
405 946 559 1018 praeterea
575 938 691 1000 ratione
713 939 748 1000 ab
771 939 862 1002 altera
879 940 1093 1004 elementorum
1111 941 1204 1006 classa
1219 943 1309 1006 altera

132 1033 341 1120 seiungitnr,
375 1041 470 1120 prima
504 1041 583 1102 enim
619 1061 652 1104 ea
680 1042 814 1104 continet
842 1061 916 1124 qnae
948 1042 1085 1106 bellicum
1119 1044 1307 1128 triumphum

134 1145 275 1206 diserte
299 1143 456 1205 videantur
486 1144 659 1225 exprimere.
705 1145 837 1208 Primum
862 1145 959 1220 enirn,
993 1167 1172 1229 quamquam
1196 1150 1310 1214 vacillat

135 1249 273 1310 Bacchi
296 1254 428 1320 ornatus,
451 1249 604 1310 tamenin
631 1249 725 1312 thiaso
748 1250 866 1331 saepius
889 1249 987 1312 nudus
1012 1251 1055 1312 vel
1073 1251 1161 1314 modo
1185 1252 1308 1316 nebride

136 1351 295 1414 amictus
317 1358 372 1422 est,
406 1369 473 1412 oum
497 1352 529 1414 in
551 1352 597 1413 hl
623 1359 652 1414 et
674 1351 723 1414 hl
748 1373 876 1434 semper,
910 1363 943 1416 ut
971 1353 1050 1416 nulla
1073 1356 1206 1436 eorporis
1241 1376 1309 1437 pars

139 1463 284 1537 pateat,
308 1454 430 1517 vestitus
458 1455 513 1531 sit3
544 1457 633 1518 etiam
667 1457 744 1535 quod
777 1475 864 1520 curru
899 1456 1015 1518 vehitur
1048 1457 1217 1538 triumphali
1251 1459 1309 1524 huc

139 1561 243 1624 facit.
290 1561 366 1622 Turn
396 1557 518 1640 'praeter
550 1559 706 1622 Victoriam
741 1559 788 1622 hic
819 1561 902 1647 adest
930 1561 1042 1623 Baccha
1072 1580 1141 1622 cum
1176 1571 1307 1643 tropaeo.

142 1665 301 1745 Denique
324 1664 451 1724 maxime
473 1663 507 1724 ad
530 1664 606 1726 hanc
628 1681 692 1724 rent
709 1664 806 1726 valent
828 1664 976 1745 elephanti
999 1674 1029 1725 et
1044 1665 1158 1745 captivi.
1203 1667 1304 1730 Cetera

108 1823 113 1833 .
148 1778 269 1830 autem
304 1768 448 1828 elementa
482 1767 585 1828 eodem
620 1768 684 1830 iure
717 1769 815 1830 locum
848 1768 955 1830 habere
988 1781 1116 1848 possunt
1147 1770 1180 1832 in
1213 1771 1309 1833 thiaso

146 1872 338 1950 habentque
359 1870 503 1950 prolecto,
526 1871 555 1932 id
578 1873 658 1952 quod
681 1873 779 1933 statim
804 1872 1063 1934 demonstraturus
1085 1893 1163 1948 sum,
1187 1883 1308 1955 excepto

148 1977 267 2038 Sileno
291 1993 317 2046 e,
340 1992 429 2055 quem
453 1974 484 2036 in
510 1974 628 2036 unicum
653 1975 683 2036 in
719 1995 778 2056 quo
813 1974 1012 2055 conspiciatur
1041 1976 1127 2038 thiasi
1151 1979 1310 2058 sarcopha-

152 2098 238 2158 gum
273 2077 445 2156 l'aticanum
475 2078 629 2157 (Gerhard.
664 2079 723 2140 ΑΒ
749 2080 817 2142 110.
833 2079 873 2154 ,2)
904 2097 939 2140 ex
970 2079 1112 2160 triumphi
1144 2081 1309 2144 imitatione

155 2180 343 2244 translatum
368 2181 514 2242 existimo.

254 2287 276 2346 Α
307 2283 483 2348 certioribus
517 2284 607 2364 igitur
641 2293 672 2347 ut
701 2287 862 2357 ordiamur,
897 2286 1118 2348 consideremus
1152 2287 1310 2368 paullisper

154 2398 280 2472 partem
304 2390 386 2451 lta.
420 2389 513 2462 Quam
537 2391 634 2471 primo
657 2393 760 2454 obtutu
783 2390 894 2452 videbis
911 2389 1032 2452 minime
1054 2389 1094 2452 ita
1110 2399 1310 2473 comparatam

155 2515 244 2567 esse,
273 2502 308 2555 ut
340 2492 521 2555 satisfaceret
555 2513 673 2558 severae
706 2496 778 2558 artis
808 2495 879 2574 legi,
908 2494 1002 2575 qualis
1030 2511 1091 2556 non
1119 2495 1215 2556 solum
1239 2504 1309 2556 ante

158 2600 194 2660 C.
220 2617 252 2658 n.
276 2595 400 2658 saeculis
423 2596 473 2657 sed
500 2599 599 2672 etiam,
628 2606 661 2659 ut
685 2598 809 2671 videtur,
833 2598 930 2678 primo
954 2598 1069 2658 saeculo
1092 2617 1120 2677 p.
1137 2597 1167 2658 C.
1191 2597 1310 2677 vigeret.

160 2699 301 2781 Demptis
323 2700 401 2760 enim
431 2703 477 2762 vel
499 2701 639 2762 omnibus
661 2701 759 2780 parvis
780 2701 837 2763 illis
862 2701 971 2780 liguris,
1005 2718 1080 2780 quae
1102 2701 1134 2762 in
1157 2701 1310 2764 nonnullis

149 2804 337 2886 'anaglyphis
359 2804 487 2884 spatium
504 2806 623 2886 explent
645 2804 723 2864 inter
746 2803 915 2866 leaenarum
925 2803 1031 2884 pedes,
1054 2802 1223 2883 plenissima
1247 2823 1309 2865 ma-

161 2917 218 2970 net
241 2908 416 2988 compositio
440 2927 514 2988 quae
537 2909 568 2969 in
592 2916 733 2990 quattuor
759 2925 852 2987 paene
874 2907 1015 2968 dividitur
1037 2925 1174 2968 scaenas:
1204 2918 1273 2987 post
1295 2930 1310 2968 a

162 3012 244 3074 enirn
269 3019 314 3072 est
330 3011 469 3085 bacchus,
492 3021 558 3093 post
575 3012 720 3074 [iacchum
736 3012 767 3091 β,
792 3029 870 3091 pone
885 3028 1005 3072 currum
1021 3009 1165 3071 incedunt
1190 3006 1208 3082 ζ
1228 3018 1258 3072 ct
1280 3009 1310 3086 d,

164 3118 196 3178 in
227 3113 362 3176 extrema
387 3115 513 3195 denique
540 3135 644 3178 scaena
666 3114 793 3177 Victoria
821 3124 875 3175 ast.
919 3112 962 3174 Ne
990 3112 1098 3174 obicias
1127 3113 1216 3188 mihi,
1250 3133 1312 3176 nou

166 3220 301 3300 potuisse
318 3220 402 3282 aliter
418 3219 555 3281 adornari
571 3219 767 3300 anaglyphum
783 3218 814 3280 in
830 3237 888 3298 quo
904 3217 970 3297 biga
987 3225 1066 3278 esset
1081 3213 1232 3298 expressa:
1256 3219 1312 3280 ob-

164 3333 223 3386 stat
247 3323 347 3384 olassis
361 3324 383 3396 l,
405 3325 437 3386 in
461 3344 517 3406 qua
541 3324 667 3386 vidimus
691 3325 783 3384 multo
800 3322 1011 3404 simpliciorem
1035 3321 1127 3383 fuisse
1149 3321 1310 3400 figurarum

164 3427 400 3506 dispositionem.
432 3427 475 3488 Ne
498 3436 595 3490 autern
611 3427 796 3508 temporibus
819 3425 909 3488 nimis
925 3425 1093 3488 recentibus
1109 3425 1311 3487 adscribamus

166 3531 267 3592 classis
292 3532 316 3592 ll
339 3531 529 3611 archetypum
553 3549 588 3592 eo
611 3530 813 3612 prohibemur,
844 3532 923 3611 quod
945 3530 1022 3592 inter
1046 3529 1185 3592 ordinum
1210 3529 1260 3590 hi
1282 3538 1312 3591 et

163 3633 214 3695 ta
239 3634 411 3716 anaglypha,
435 3653 509 3715 quae
532 3642 635 3716 aperte
657 3653 692 3695 ex
715 3634 818 3696 eodem
836 3641 925 3714 atque
943 3636 987 3696 nl
1006 3633 1164 3714 exemplari
1180 3633 1312 3696 elemen-

165 3739 203 3798 tis
233 3737 354 3800 liberius
383 3738 533 3818 dispositis
563 3739 743 3818 mutatisque
772 3738 948 3800 animalibus
978 3739 1118 3800 videntur
1145 3745 1207 3800 orta
1237 3757 1310 3812 esse,

164 3843 359 3904 inveniuntur
381 3843 526 3920 exempla,
549 3861 623 3923 quae
646 3841 792 3922 usquead
815 3841 925 3904 saeculi
947 3842 1071 3904 secundi
1093 3862 1122 3923 p.
1139 3841 1171 3903 C.
1194 3841 1310 3904 initium

166 3947 212 4008 vel
234 3946 321 4008 altius
345 3945 431 4007 etiam
456 3947 626 4008 ascendant.

180 4041 183 4047 ’
251 4048 364 4122 Quodsi
387 4049 441 4111 hac
463 4051 686 4112 ratiocinatione
709 4069 743 4110 eo
760 4048 945 4124 adducimur,
969 4058 1002 4111 ut
1025 4055 1119 4110 aetate
1142 4066 1199 4128 qua
1214 4047 1310 4127 prisca

165 4155 348 4215 Graecorum
377 4154 537 4234 anaglypha
567 4153 765 4234 componendi
796 4153 871 4216 ratio
899 4153 986 4215 etiarn
1017 4153 1144 4231 vigebat
1161 4151 1311 4232 exemplar

166 4257 277 4320 lactum
302 4275 367 4318 esse
389 4275 564 4318 censeamus
586 4293 627 4300 -
649 4257 678 4318 id
707 4257 784 4337 quod
809 4261 959 4336 praeterea
989 4269 1078 4332 quern
1106 4254 1137 4314 in
1158 4253 1222 4316 aliis
1245 4273 1310 4316 sar-

166 4361 304 4442 cophagis
334 4361 586 4441 deprehendimus
615 4359 802 4420 commendat
833 4377 904 4420 usus
928 4357 1048 4416 —iam
1077 4359 1140 4419 hac.
1160 4376 1192 4419 re
1214 4357 1309 4418 fateor

143 4484 213 4530 ,me
229 4463 408 4526 commoveri
431 4471 464 4526 ut
483 4483 519 4525 ex
542 4463 687 4542 exemplo,
710 4464 790 4543 quod
812 4461 902 4524 luerit
922 4468 1130 4523 statuarum
1152 4479 1308 4541 compo·
