3202 5246
809 382 1027 445 ...44-

432 559 623 620 Confidenter
644 560 693 622 tali
717 561 797 639 operi
819 560 1021 640 adscripserim
1045 563 1180 634 Ala-l-
1195 561 1263 642 c-l-
1276 584 1301 634 e,
1324 582 1399 643 qnae
1421 582 1504 624 om-

294 695 296 698 ·
347 663 396 723 uia
418 662 537 743 propria
560 663 696 725 videntur
718 683 786 724 esse
813 664 963 744 triumpho
986 664 1096 726 ludico.
1140 665 1216 726 Tum
1240 666 1330 728 etiam
1354 667 1388 738 d,
1417 668 1505 746 qnia

347 777 461 828 certum
484 766 573 828 habet
595 767 627 828 in
649 785 757 846 pompa
780 768 889 841 locum,
911 767 968 828 lruc
982 769 1189 830 revocaverim.
1221 770 1327 832 Cetera
1342 772 1506 832 elementa

346 885 419 928 saue
441 877 603 947 potuerunt
625 870 775 950 paullatim
811 870 891 932 binc·
907 871 986 932 illinc
1007 871 1053 932 vel
1086 891 1121 933 ex
1152 873 1240 950 simili
1269 875 1504 954 compositione

347 990 421 1050 quae
457 971 585 1035 thiasum
619 982 855 1054 repraesentaret
887 973 1011 1053 repetita
1046 974 1135 1053 priori
1170 976 1297 1056 adiungi.
1343 976 1374 1036 ld
1404 977 1503 1056 quod

346 1075 497 1155 probabile
521 1088 567 1140 est
581 1075 612 1138 in
636 1078 670 1138 iis
695 1077 849 1140 elementis
866 1093 940 1156 quae
963 1095 1016 1156 per
1038 1097 1071 1138 se
1087 1077 1190 1154 bellico
1211 1079 1365 1160 triumpho
1387 1079 1504 1140 minus

345 1178 480 1258 adaptata
510 1189 583 1242 sunt
604 1197 693 1258 quam
724 1179 942 1242 bacchanalium
966 1180 1095 1243 laetitiae
1116 1182 1249 1263 iocisque
1281 1201 1379 1264 neque
1404 1202 1502 1244 com-

346 1291 453 1360 parent
474 1281 505 1342 in
527 1283 585 1352 At,
608 1283 688 1344 velut
711 1283 741 1354 k,
761 1284 780 1354 l,
805 1301 834 1343 n.
879 1283 936 1344 Sed
951 1284 1022 1345 haec
1038 1286 1172 1364 quaestio
1197 1295 1229 1347 ut
1250 1287 1335 1348 omni
1358 1306 1391 1347 ex
1405 1297 1504 1366 parte

346 1385 475 1447 solvatur
497 1403 617 1446 necesse
639 1393 684 1446 est
698 1385 729 1446 in
753 1386 881 1448 tbiasum
917 1387 1040 1467 eiusque
1062 1388 1208 1452 elementa
1242 1367 1278 1454 et
1307 1391 1501 1454 incrementa

347 1488 535 1566 peculiariter
556 1488 723 1569 inquirere,
753 1489 831 1568 quod
855 1509 923 1551 cnm
948 1490 983 1552 ab
1005 1492 1060 1552 hac
1085 1492 1338 1556 commentatione
1361 1493 1500 1555 alienum

347 1591 385 1652 sit
407 1591 479 1654 satis
502 1591 595 1653 habeo
618 1591 722 1654 leviter
744 1591 883 1669 tetigisse.

432 1695 523 1757 Classi
538 1697 562 1757 A
578 1696 723 1758 contraria
747 1697 842 1758 utitur
864 1697 1002 1759 classis
1024 1698 1047 1758 B
1070 1699 1249 1773 conditione,
1273 1717 1349 1780 quae
1371 1702 1500 1782 proprie

347 1798 383 1857 ad
406 1796 535 1860 thiasum
558 1797 734 1878 pertinet¹),
757 1800 804 1860 cui
827 1801 933 1862 additis
956 1802 1133 1882 quibusdam
1157 1803 1312 1864 elementis
1348 1805 1499 1885 triumphi

347 1901 461 1980 species
484 1901 551 1964 data
573 1903 622 1962 sit.
1395 1909 1399 1918 '

430 2004 558 2068 Tantum
576 2006 612 2067 de
635 2005 865 2086 anaglyphorum
882 2008 1035 2087 originem
1066 2009 1150 2084 Quod
1174 2010 1209 2070 ad
1232 2011 1381 2072 fabulae
1403 2015 1466 2072 t'or
1480 2047 1495 2055 -

345 2128 433 2170 marn
464 2110 579 2183 attinet,
603 2129 692 2190 quarn
718 2109 823 2180 artifex
852 2120 972 2174 secutus
994 2113 1041 2183 sit,
1065 2113 1145 2174 vides
1168 2133 1231 2175 eam
1254 2114 1286 2176 in
1313 2115 1494 2176 universum

345 2213 470 2275 eandem
493 2233 558 2274 csse
580 2223 668 2293 atque
694 2215 724 2274 in
753 2213 838 2275 classi
867 2216 888 2275 l.
932 2215 1097 2278 Peculiares
1126 2203 1205 2278 buic'
1222 2231 1494 2283 monumentorum

344 2317 431 2380 seriei
466 2326 536 2378 sunt
558 2318 619 2377 Pan
650 2318 708 2378 dux
730 2317 813 2396 bigae
844 2327 871 2396 et
895 2318 1012 2380 Silenus
1045 2321 1128 2382 cuius
1161 2320 1281 2382 habitus
1310 2322 1494 2402 philosopho

345 2420 446 2500 cynico
470 2421 561 2498 magis
584 2429 629 2481 est
651 2421 757 2500 dignus
780 2439 867 2500 quam
890 2422 995 2483 Bacchi
1015 2423 1147 2486 thiasota.
1194 2425 1252 2484 Sed
1274 2415 1396 2505 prorsus
1419 2445 1494 2488 con·

344 2524 467 2585 veniunt
500 2543 567 2584 oum
601 2525 809 2586 nonnullarum
839 2525 942 2586 Bacchi
975 2527 1171 2606 expeditionis
1205 2530 1410 2592 narrationum
1440 2531 1493 2590 in-

345 2629 428 2702 dole;
458 2645 554 2708 equa
579 2627 666 2688 etiarn
700 2629 882 2691 humanioris
898 2629 1019 2710 speciei,
1042 2651 1099 2712 qua
1122 2631 1294 2712 plerumque
1317 2633 1349 2694 iu
1374 2640 1441 2713 typo
1468 2635 1493 2694 Α

345 2733 405 2794 Pan
427 2731 577 2812 praeditus
601 2740 656 2805 est,
678 2750 795 2794 causam
819 2734 1010 2812 repetendam
1034 2735 1200 2810 censuerim
1209 2733 1244 2815 ³).

413 2869 433 2932 ¹)
453 2867 571 2937 llxempli
589 2884 665 2920 causa
685 2869 802 2920 conferas
820 2870 910 2922 velim:

454 2957 508 3008 Pal.
526 2957 613 3017 lloria,
633 2955 693 3007 M-ll
712 2956 779 3007 2286
798 2957 869 3008 lliolr.

456 3044 567 3108 Louvre,
586 3041 677 3093 Clarac
698 3043 761 3094 1272
786 3043 842 3102 148,
863 3044 911 3094 149
929 3044 1000 3095 Eiclr.

452 3129 506 3180 Pal.
525 3128 625 3180 Mattei.
662 3129 729 3180 Mon.
749 3130 838 3180 Matth.
857 3129 896 3182 ΙΙΙ.
916 3132 941 3182 8.
960 3131 975 3180 2
994 3130 1054 3182 Μ-Ι]
1073 3132 1139 3182 2300
1159 3131 1229 3182 Eiclr.

412 3216 433 3283 ¹)
451 3217 566 3282 'l'ropaeo
596 3216 717 3266 Bacchico
745 3218 809 3282 quod
838 3218 968 3268 extruitur
995 3219 1019 3268 in
1047 3219 1147 3286 pictura
1174 3217 1326 3282 Pompeiana
1358 3215 1432 3280 (Casa
1463 3217 1491 3266 di

344 3304 478 3355 Lucrezio.
499 3301 576 3352 Zahn.
595 3300 635 3351 ill.
656 3301 698 3352 83.
717 3302 780 3352 illus.
801 3303 874 3352 llorb.
895 3303 952 3354 XV.
972 3305 1012 3355 32.
1033 3306 1123 3368 llalbig
1142 3305 1202 3370 565)
1222 3305 1285 3354 nibil
1305 3304 1492 3354 communionis

343 3399 383 3442 est
401 3405 456 3442 cum
474 3387 634 3456 anaglyphis.
670 3387 822 3454 Quamquam
843 3391 944 3440 eaedem
963 3400 1038 3458 atque
1057 3394 1083 3443 iu
1104 3393 1160 3443 illis
1178 3406 1302 3458 personae
1318 3391 1490 3442 inducuntur:
1583 3409 1584 3416 ¹

344 3476 461 3528 Victoria
479 3483 506 3526 et
525 3475 642 3540 captivus
660 3473 768 3525 Indicus.
805 3476 868 3527 llam
887 3479 917 3529 de
936 3479 1022 3530 Iudico
1036 3479 1168 3544 ‘triumpho
1187 3477 1263 3527 etiem
1281 3477 1324 3527 bic
1349 3479 1393 3542 agi
1415 3493 1509 3551 nemo.

343 3578 436 3628 negare
454 3564 529 3613 debet
556 3561 597 3626 qni
617 3562 828 3626 consideraverit,
847 3580 918 3629 quam
937 3567 1012 3628 longe
1031 3565 1200 3616 celeberrima
1218 3563 1276 3614 inde
1294 3564 1326 3613 ab
1344 3564 1490 3614 Alexandri

295 3663 297 3667 ’
344 3650 501 3716 temporibus
520 3648 590 3698 iuter
618 3663 704 3699 omncs
722 3648 812 3700 Bacchi
832 3665 874 3700 res
892 3659 978 3716 gestas
998 3651 1091 3704 fuisset
1109 3650 1238 3716 expeditio
1258 3649 1342 3700 ludica
1366 3658 1394 3700 et
1414 3667 1489 3716 qnam

342 3738 400 3788 sola
418 3737 442 3786 in
461 3735 586 3786 Romanae
605 3733 698 3784 aetatis
716 3737 884 3788 monumentis
904 3747 1003 3803 regnet.
1039 3739 1124 3806 ltaque
1143 3755 1190 3788 nou
1217 3754 1278 3805 opus
1306 3744 1346 3788 est
1373 3735 1489 3788 refutare

343 3820 479 3874 Pauoflram
499 3821 586 3884 (Areh.
606 3819 672 3870 Zeit.
691 3823 722 3873 V.
743 3823 815 3887 112t,
840 3825 883 3889 qui
901 3827 931 3874 ad
952 3826 1094 3893 Hispaniam
1124 3826 1253 3877 subactam
1279 3826 1343 3875 banc
1361 3823 1489 3889 picturam

343 3912 446 3961 trabere
471 3916 577 3958 conatus
603 3913 651 3957 cst.
680 3893 828 3982 {Utrum
855 3925 963 3976 persona
992 3913 1068 3978 longa
1096 3920 1169 3963 veste
1196 3913 1283 3964 induta
1310 3918 1336 3962 et
1363 3919 1488 3961 coronata

307 4048 310 4052 ,
345 3995 455 4048 Bacchus
473 3997 527 4062 ipse
545 3997 582 4047 sit
600 4007 686 4058 necne,
705 4011 752 4044 non
772 3996 821 4046 uisi
840 3996 980 4058 diligenter
998 4000 1143 4052 examinata
1162 4001 1263 4066 picture
1290 3999 1344 4063 ipse
1373 3997 1488 4048 discerni

343 4090 444 4148 potest,
456 4099 510 4134 narn
530 4099 575 4150 per
594 4095 620 4130 se
640 4081 705 4132 nibil
724 4089 764 4132 est
783 4081 847 4148 quod
867 4086 892 4135 in
912 4101 941 4136 ca
962 4102 975 4136 a
994 4087 1034 4136 dei
1053 4087 1142 4137 habitu
1160 4087 1271 4138 alienum
1284 4085 1326 4135 sit.
1351 4083 1486 4148 Helbigins

345 4185 398 4220 eam
417 4184 473 4222 esse
491 4167 609 4222 feminam
628 4177 750 4231 autumat,
771 4169 909 4221 Minervini
929 4173 964 4236 (in
980 4172 1091 4236 llelbipii
1104 4174 1181 4238 libro)
1195 4174 1267 4222 deum
1281 4171 1407 4236 agnoscit,
1420 4172 1487 4222 idem

342 4253 405 4308 lecit
423 4255 535 4308 Panollra
548 4257 565 4307 l.
579 4257 606 4320 l.,
634 4263 724 4307 contra
743 4255 835 4308 lemine
849 4265 888 4308 est
907 4257 1072 4311 Gbirardinio
1090 4261 1116 4310 in
1135 4259 1165 4310 d.
1185 4260 1206 4310 d.
1224 4258 1242 4309 l.
1258 4257 1324 4309 1879
1342 4271 1365 4321 p.
1380 4261 1414 4310 'ld
1433 4268 1485 4310 not.

409 4343 430 4406 ⁸)
445 4339 475 4396 Ὁ
490 4339 554 4394 Πὰν
572 4345 597 4394 in
618 4344 781 4410 expeditione
801 4353 931 4410 comparet
949 4347 1012 4412 apud
1027 4346 1165 4396 Diodorum
1182 4345 1200 4396 l.
1217 4346 1254 4411 18,
1279 4341 1426 4413 στρατηγὸς
1445 4356 1486 4398 est

343 4431 405 4496 apud
427 4430 564 4481 Lucienum
584 4431 609 4480 in
628 4430 741 4480 Prolalia
760 4425 786 4489 (ὃ
804 4427 950 4496 Διόνυσος)
969 4431 999 4481 cf.
1015 4433 1042 4482 ll.
1057 4433 1085 4482 n.
1099 4433 1140 4482 22.
1154 4433 1177 4482 3.
1192 4441 1217 4482 et
1240 4433 1303 4498 apud
1328 4431 1484 4500 Polyaenum

342 4524 447 4581 strateg.
467 4516 485 4568 l.
506 4517 530 4568 2.
567 4517 635 4584 Quas
653 4525 740 4584 partes
758 4532 833 4580 agere
854 4517 918 4568 Pana
937 4535 986 4569 non
1003 4519 1154 4570 mirabimur
1172 4518 1302 4570 recordati
1321 4533 1484 4586 eorumquae
