3202 5246
574 376 817 462 “-49-

219 578 328 640 Totum
352 576 442 654 igitur
470 576 550 637 hunc
576 577 786 657 productorum
814 577 994 657 captivorum
1018 585 1121 657 typum
1148 595 1214 638 oum
1245 577 1274 637 in

120 681 247 742 fabulae
261 679 418 742 Bacchicae
436 697 521 740 usum
539 697 597 741 non
615 680 767 742 inventum
795 681 852 742 sed
876 680 1052 742 translatum
1077 699 1142 741 esse
1170 691 1275 760 putan-

120 785 203 848 dum
228 784 275 854 sit,
299 783 459 844 cavendum
485 791 583 844 estne
599 783 682 844 nimii
705 785 736 844 iu
758 784 882 864 singulis
899 784 1034 864 personis
1051 783 1185 864 mythicis
1208 803 1276 845 curn

125 893 396 948 monumentorum
419 886 521 964 liguris
545 887 747 949 consociandis
771 888 874 949 simus.

162 1069 164 1076 y
219 991 297 1051 Sane
321 989 397 1069 quod
422 988 481 1050 Pan
506 991 593 1051 sellae
616 991 719 1052 Bacchi
743 991 838 1051 adstat
860 1010 927 1052 cum
944 991 1055 1071 clipeo,
1079 1009 1140 1052 non
1162 991 1277 1052 videtur

125 1092 166 1154 ab
192 1093 239 1155 illa
258 1093 392 1154 versione
408 1093 626 1173 seiungendum
643 1113 717 1166 esse,
739 1093 771 1154 in
788 1113 844 1173 qua
869 1095 926 1156 dux
943 1093 1093 1174 copiarum
1110 1103 1153 1155 est
1170 1094 1230 1155 Pan
1241 1094 1275 1174 ¹).

127 1197 189 1258 Sed
214 1198 292 1276 quod
316 1198 406 1276 Zoega
431 1197 572 1278 (Bassiril.
595 1196 620 1256 ll
644 1216 671 1276 p.
698 1195 755 1257 147
780 1200 858 1278 sqq.)
914 1198 1009 1258 Nonni
1033 1197 1275 1278 Dionysiacorum

125 1301 174 1361 vel
198 1299 309 1360 similes
339 1317 481 1379 personas
508 1300 539 1361 in
570 1298 749 1380 supplicibus
780 1300 834 1360 illis
865 1319 1077 1379 recognoscere
1112 1300 1167 1362 sibi
1196 1301 1276 1362 visus

130 1413 192 1486 est,
221 1423 284 1464 mea
308 1403 427 1483 quidem
458 1403 603 1464 sententia
636 1404 693 1464 iam
728 1403 837 1464 idcirco
871 1405 1072 1467 reiectaneum
1100 1415 1161 1477 est,
1181 1405 1274 1484 'quod

30 1512 34 1518 '
130 1507 254 1587 supplex
280 1507 325 1568 ille
348 1507 431 1586 quasi
453 1507 546 1586 figura
568 1507 673 1587 typica,
697 1515 730 1568 ut
751 1507 792 1568 ita
816 1507 919 1582 dicam,
944 1508 1002 1568 huc
1030 1509 1187 1570 translatus
1211 1527 1275 1568 esse

128 1631 143 1668 e
171 1610 259 1670 modo
283 1610 506 1672 commemorati
530 1611 685 1690 anaglyphi
709 1611 929 1690 comparatione
945 1612 1068 1673 videtur.
1108 1612 1212 1692 Neque
1228 1612 1276 1672 hic

126 1715 222 1774 homo
247 1721 413 1791 prostratus
445 1713 549 1774 autin
572 1712 612 1774 28
636 1723 686 1774 aut
710 1714 741 1774 in
765 1714 805 1774 29
829 1724 875 1775 est
897 1715 1060 1777 diademate
1083 1723 1222 1786 ornatus,
1246 1715 1274 1774 id

126 1817 212 1897 quod
239 1817 326 1876 modo
348 1816 377 1876 in
401 1816 525 1877 alterum
549 1816 629 1877 illurn
647 1817 794 1896 captivum
818 1819 894 1880 cadit
918 1819 948 1880 in
972 1819 1023 1881 28.
1062 1819 1195 1898 Denique
1212 1801 1272 1880 non

127 1922 248 1983 videtur
272 1939 305 1981 ca
329 1919 422 1982 versio
445 1938 533 2000 quam
558 1919 682 1981 Nonnus
705 1930 823 1981 secutus
847 1933 902 1994 est,
926 1941 1073 2002 quamque
1096 1941 1183 2002 supra
1200 1923 1272 1983 vidi-

127 2043 198 2087 mus
210 2043 225 2085 a
237 2023 634 2085 Macedonico-Alexandrina
652 2023 795 2084 diversam
811 2043 885 2096 esse,
908 2026 955 2086 illa
971 2033 1063 2086 aetate
1079 2026 1151 2086 adeo
1170 2026 1272 2086 usitata

126 2128 240 2198 luisse,
273 2145 340 2188 curn
369 2126 483 2187 nullum
507 2134 603 2188 exstet
634 2136 873 2199 monumentum,
907 2129 984 2207 quod
1013 2147 1077 2188 eam
1110 2129 1274 2209 exprimere

126 2250 186 2312 pro
216 2239 298 2292 certo
324 2231 412 2292 statui
443 2230 545 2308 possit.
606 2229 641 2290 Et
670 2227 728 2292 Pan
761 2231 879 2312 quidem
911 2230 1089 2313 στρατηγὸς
1122 2252 1137 2294 a
1167 2232 1274 2294 Nonno

127 2335 244 2396 alicnus
267 2343 319 2395 est.

597 2437 809 2446 ——--...-

632 2571 775 2650 hene.

219 2715 261 2774 dd
272 2723 432 2776 extremam
448 2713 566 2775 tandem
584 2731 632 2772 me
648 2722 786 2775 converto
803 2715 1033 2795 anaglyphorum
1057 2717 1190 2787 classem,
1208 2736 1271 2779 earn

130 2836 207 2898 quae
231 2834 359 2896 pugnam
382 2816 475 2896 ipsam
499 2818 645 2897 praebeat.

690 2989 712 3049 l.

220 3125 269 3188 33.
293 3127 403 3206 lucipio
416 3146 431 3189 a
443 3127 624 3206 sarcophago
640 3128 690 3208 qui
706 3136 752 3190 est
766 3128 796 3188 in
813 3095 1024 3190 cathedrali
1041 3131 1273 3192 Cortonensi.
1285 3140 1317 3190 33

218 3230 302 3290 Arch.
343 3228 413 3290 Zeit.
446 3227 538 3302 1845,
571 3229 659 3291 XXX.
693 3231 975 3293 Mueller-Wieseler
998 3233 1069 3294 443.
1105 3234 1204 3296 Eich.

212 3333 343 3412 Egerunt
357 3332 392 3392 de
415 3351 464 3392 eo:
1030 3333 1033 3340 '

218 3437 411 3513 llluegmann.
457 3435 541 3496 Arch.
566 3435 638 3496 Zeit.
687 3437 767 3500 1869
790 3437 867 3517 (27),
890 3437 939 3498 31.

218 3541 359 3620 Semper:
383 3539 568 3600 Grenzboten
598 3537 685 3600 XXX.
715 3541 882 3620 1.(1871).
907 3543 964 3602 Vol.
988 3541 1024 3601 ll.
1048 3561 1076 3622 p.
1104 3541 1193 3604 1032.

217 3637 424 3723 Heydcmann:
450 3642 496 3703 lll.
520 3642 681 3704 Hallisches
709 3645 1136 3725 Winclrelmannsprogramm:
1161 3645 1270 3709 lllittci-

132 3746 240 3822 lungen
274 3763 326 3805 aus
354 3747 410 3806 den
434 3746 760 3826 antilrensammlungen
788 3748 818 3808 in
849 3747 944 3809 01100-
968 3751 1028 3810 und
1051 3749 1271 3812 lllittel-ltalien.

132 3849 215 3939 llalle
239 3847 320 3909 1879
350 3868 377 3928 p.
405 3850 474 3910 111.

169 4035 172 4042 ¹
219 3952 421 4032 Sarcophagus
438 3955 487 4034 qui
500 3974 534 4016 cx
546 3954 761 4035 antiquioribus
782 3956 1009 4036 melioribusque
1027 3957 1141 4018 ridetur
1166 3975 1231 4018 csse
1248 3957 1273 4034 ²)

135 4071 202 4114 cum
220 4053 268 4128 ita,
292 4062 399 4118 utnon
422 4058 477 4120 nisi
501 4060 619 4120 admota
636 4059 754 4122 candela
771 4059 930 4120 examinari
946 4059 1047 4139 possit,
1065 4060 1095 4120 in
1112 4060 1271 4122 cathedrali
1332 4059 1334 4065 ’

134 4157 181 4232 illa
216 4158 375 4220 collocatus
416 4167 445 4220 et
478 4179 531 4240 per
560 4181 591 4224 so
622 4165 661 4224 ita
691 4173 878 4242 comparatus
905 4163 959 4236 sit,
989 4173 1023 4224 ut
1049 4161 1272 4226 difficultatibus
1338 4177 1348 4190 ·

132 4259 210 4350 haud
245 4261 441 4324 levidensibus
469 4264 744 4347 interpretationem
783 4265 939 4346 impediat,
975 4267 1083 4328 multos
1118 4267 1273 4346 variosque

131 4379 345 4390 -—-.-...—

201 4435 220 4494 ¹l
240 4431 387 4486 Praefectos
406 4436 554 4502 provinciae
572 4437 622 4490 l‘an
642 4447 682 4491 est
699 4438 765 4491 Plio.
785 4457 808 4489 n.
827 4441 851 4488 h.
871 4439 910 4490 lll.
930 4442 952 4490 8.

200 4519 223 4583 ’1
240 4521 277 4570 lle
296 4523 356 4570 stilo
374 4523 466 4588 optime
486 4525 629 4591 disputavit
647 4529 751 4593 Semper
770 4528 788 4577 l.
808 4527 824 4575 l.

187 4602 260 4652 linet,
274 4603 302 4646 de
316 4605 396 4647 Bocchi
410 4606 549 4660 expeditione
564 4610 648 4656 Indica.
