3202 5246
788 375 1008 440 ,33-

324 557 462 635 sitio¹)‚
478 557 603 620 effictam
627 555 720 618 luisse
736 565 837 636 putem
854 573 917 617 eam
934 553 1067 634 imaginis
1082 560 1197 632 partem
1214 553 1251 614 de
1267 571 1325 634 qua
1342 554 1486 633 agimus.
1575 569 1576 624 y

325 663 383 724 Sed
400 661 511 724 accedit
534 659 621 721 aliud:
645 659 680 732 si,
702 675 778 738 quae
800 657 969 738 anaglyphis
993 673 1133 736 expressa
1146 655 1241 727 video,
1263 657 1344 718 volut
1360 657 1429 718 viva
1451 667 1486 719 et
1575 679 1576 694 ¹

325 783 393 828 vera
416 773 483 825 anta
504 763 605 826 oculos
628 763 814 824 conformare
837 761 969 823 studeam
993 793 1034 805 -
1057 777 1126 820 nam
1157 758 1269 839 optime
1291 759 1486 840 plerumque

327 869 359 930 in
382 865 555 929 melioribus
584 874 663 928 certe
687 863 827 944 exemplis
854 864 916 944 typi
937 866 961 924 A
982 865 1008 935 l,
1038 862 1258 943 ,perspectivae‘
1289 881 1383 942 quam
1420 880 1485 924 nns

325 970 451 1034 dicimus
474 969 546 1032 artis
561 969 638 1048 leges
660 975 793 1031 servatae
806 975 877 1030 suut
897 1000 939 1012 -
961 965 1137 1047 compositio
1160 966 1256 1028 evadit
1277 967 1366 1047 plane
1391 985 1485 1047 sym-
1576 965 1577 1012 l

326 1073 465 1147 metrica,
494 1071 614 1154 dempta
641 1072 752 1134 scilicet
773 1069 915 1142 Victoria,
950 1087 1040 1150 quarn
1070 1069 1182 1132 scimus
1215 1070 1295 1132 inter
1321 1088 1370 1132 eas
1408 1088 1484 1132 esse

328 1181 445 1259 figuras,
469 1195 545 1259 quae
567 1175 740 1256 saepissime
762 1174 878 1238 additae
900 1173 960 1236 sint
981 1193 997 1234 a
1026 1173 1276 1254 sarcophagorum
1305 1173 1482 1254 opificibus,

326 1291 356 1346 et
377 1281 488 1344 Baccha
511 1277 541 1353 d,
574 1279 684 1360 quippe
706 1297 781 1358 quae
803 1277 867 1339 aliis
889 1277 920 1338 in
943 1276 1114 1358 anaglyphis
1136 1293 1234 1358 neque
1260 1277 1358 1338 solum
1382 1276 1416 1338 in
1439 1277 1482 1338 iis

327 1401 403 1466 quae
444 1382 583 1445 lndic'um.
615 1379 780 1460 exprimant
814 1379 1000 1460 triumphum
1036 1380 1209 1462 saepissime
1244 1389 1275 1443 et
1316 1379 1409 1442 variis
1444 1380 1481 1441 in

324 1503 450 1567 pompae
472 1484 605 1565 partibus
628 1494 778 1557 occurrat,
810 1485 852 1547 ita
875 1493 910 1547 ut
938 1503 1003 1545 eam
1032 1501 1094 1546 non
1122 1483 1291 1562 necessario
1322 1484 1480 1545 cumbae

325 1597 410 1670 parte
431 1587 620 1650 coniunctam
648 1587 739 1650 luisse
767 1587 958 1669 perspicuum
987 1587 1046 1651 liat.
1091 1587 1154 1649 Pan
1181 1587 1261 1648 enirn
1289 1587 1339 1667 qui
1370 1586 1477 1666 bigam

326 1691 475 1773 praecedit
496 1691 627 1754 Bacchus
650 1691 748 1753 socius
770 1693 792 1772 β
815 1692 942 1754 mediam
970 1701 1084 1778 tenent,
1107 1690 1144 1752 ab
1167 1701 1292 1771 utraque
1318 1701 1403 1772 parte
1427 1701 1479 1754 est
1578 1689 1579 1724 i

325 1797 426 1858 leaena
456 1813 524 1858 cunr
554 1813 647 1877 puero
676 1795 791 1863 lndico.
824 1795 952 1874 denique
975 1794 1010 1856 ab
1033 1803 1158 1876 utraque
1181 1811 1286 1854 currus
1308 1803 1393 1874 parte
1423 1793 1476 1854 in-

324 1898 458 1979 greditur
484 1899 597 1962 Baccha
624 1899 669 1960 vel
692 1891 813 1978 Satyrion
836 1897 865 1978 (a
888 1907 918 1961 et
943 1893 981 1974 ζ).
1025 1897 1111 1971 Quod
1135 1918 1151 1958 ε
1172 1897 1260 1958 etiam
1282 1897 1314 1958 in
1337 1897 1378 1958 27
1401 1916 1477 1959 cur-

328 2021 396 2065 rum
418 2003 628 2083 triumphalem
651 2002 786 2084 coquitur
810 2012 840 2066 et
862 2000 941 2082 quod
964 2001 995 2061 in
1018 2001 1182 2081 anaglypho
1205 2000 1285 2064 edito
1307 2000 1383 2062 lllua.
1403 2001 1475 2062 Pio·
1579 2077 1580 2096 Χ

327 2106 369 2170 ct.
393 2107 424 2169 V.
447 2105 467 2169 8
490 2115 641 2187 comparet
662 2106 774 2169 Baccha
799 2101 824 2177 ζ,
851 2105 921 2166 inda
947 2121 1008 2165 non
1031 2105 1159 2176 multum
1187 2104 1224 2165 ad
1246 2123 1342 2166 meam
1367 2104 1475 2166 conie-

326 2221 439 2274 cturam
467 2209 650 2291 probandam
680 2207 846 2270 redundare
869 2207 1112 2280 existimaverim,
1141 2225 1320 2289 quamquam
1351 2210 1472 2289 anagly-

324 2312 451 2393 phorum
472 2313 591 2393 opifices
614 2313 713 2375 minus
733 2311 885 2393 probabile
900 2320 945 2374 est
959 2311 1090 2375 imitatos
1106 2331 1171 2374 esse
1186 2313 1301 2391 singula
1324 2313 1471 2375 elementa

325 2433 361 2476 ex
375 2416 538 2498 anaglypho
555 2417 709 2496 desumpta
725 2433 813 2497 quant
840 2415 970 2494 singulas
986 2421 1117 2491 statuas3
1139 2415 1258 2478 maioris
1281 2397 1381 2479 autem
1403 2434 1470 2476 mo-

327 2519 421 2582 menti
445 2520 593 2600 estquod
616 2529 713 2584 statua
736 2527 816 2582 extat
837 2518 870 2580 in
883 2518 986 2581 blusso
1002 2518 1170 2584 Britannico
1194 2519 1316 2599 (Clarac,
1333 2539 1407 2581 mus.
1432 2519 1468 2580 de

326 2622 431 2704 sculpt.
448 2622 476 2683 4.
493 2624 533 2703 pl.
547 2621 608 2685 726
623 2624 647 2684 Α
661 2622 742 2684 1740
757 2620 795 2700 Α)
817 2621 897 2684 Pana
912 2632 1139 2702 repraesentans
1156 2623 1338 2685 simillimum
1355 2633 1423 2704 typo
1437 2644 1465 2700 y.

410 2725 539 2789 Alterius
552 2725 653 2788 classis
665 2724 881 2788 elementorum
892 2727 1034 2806 pleraque
1047 2727 1205 2788 verhimilc
1218 2737 1262 2789 est
1275 2746 1310 2788 ex
1322 2727 1466 2790 statuariis

327 2828 424 2891 ellicta
450 2841 517 2892 'esse
545 2829 702 2911 exemplis,
736 2829 772 2890 de
806 2829 962 2902 nonnullis¹
992 2847 1086 2909 paene
1120 2839 1234 2892 certum
1268 2839 1323 2892 est.
1375 2831 1465 2903 Quam

326 2932 496 3013 opinionem
520 2932 711 3013 'probabilem'
737 2951 784 2994 me
814 2932 978 2995 reddidisse
1000 2942 1090 3015 puto,
1125 2933 1256 3014 primum
1288 2933 1313 2995 si
1353 2933 1465 2995 easdem

329 3037 437 3116 figuras
469 3035 557 3098 variis
585 3055 714 3118 pompae
743 3036 813 3099 locis
840 3054 1013 3117 comparere
1044 3055 1105 3099 non
1134 3038 1230 3100 solum
1258 3038 1290 3099 in
1319 3037 1464 3118 triumpho

326 3140 426 3202 lndico
449 3141 502 3202 sed
528 3140 618 3204 etiam
639 3142 670 3202 io
692 3141 790 3203 thiaso
812 3142 944 3217 ostendi3
971 3161 1040 3204 nam
1070 3160 1178 3223 perse
1206 3143 1273 3223 plns
1304 3141 1464 3204 verisimili-

331 3243 445 3307 tudinis
471 3243 570 3319 habet,
596 3245 715 3325 opifices
743 3255 856 3308 statuas
886 3245 917 3306 in
944 3246 1111 3326 anaglyphis
1134 3246 1264 3308 inritatos
1288 3265 1355 3307 esse
1381 3265 1462 3327 quam

329 3348 457 3427 singulas
480 3348 589 3428 figuras
617 3367 652 3410 ex
682 3347 744 3410 aliis
767 3348 936 3429 anaglyphis
960 3349 1164 3431 depromptam
1192 3367 1372 3430 quamquam
1400 3339 1473 3412 huic'

326 3461 501 3532 argumento
530 3452 586 3514 soli
614 3470 675 3514 non
705 3451 745 3513 ita
769 3451 896 3514 multum
919 3451 1108 3515 tribuendum
1145 3461 1198 3514 est.
1243 3453 1320 3515 'lum
1355 3454 1462 3534 gravius

327 3557 466 3637 estquod
490 3556 649 3618 nonnullae
664 3556 773 3636 figurae
790 3555 824 3617 ad
842 3555 963 3618 alteram
979 3564 1093 3636 partem
1117 3574 1274 3620 conversae
1289 3571 1460 3639 comparent,

327 3660 371 3722 vel
399 3659 438 3721 ita
469 3667 501 3722 ut
529 3659 663 3740 opificem
694 3658 865 3740 simpliciter
898 3667 1024 3722 statuam
1054 3662 1198 3742 quandam
1234 3659 1270 3722 ab
1304 3661 1358 3724 alia
1386 3671 1460 3743 parte

327 3762 435 3826 vidisse
458 3772 488 3825 et
509 3764 691 3845 expressisse
714 3773 854 3844 appareat
876 3772 963 3844 atque
986 3766 1051 3841 illa,
1081 3767 1126 3828 cui
1160 3765 1282 3827 obversa
1305 3765 1336 3828 in
1360 3767 1458 3829 nostris

334 4015 336 4020 ·
398 3993 418 4059 ¹)
438 3993 563 4045 Extitissa
581 3991 648 4043 talos
666 3993 845 4044 Bacchicarnm
864 3997 1004 4044 statuarum
1022 3994 1220 4061 compositiones
1239 4011 1288 4046 uno
1307 4003 1375 4048 certa
1392 3998 1457 4049 tatti-

330 4081 414 4133 moaio
432 4079 511 4131 allato
530 4093 543 4130 a
563 4076 671 4146 litmpio
695 4079 734 4143 (da
753 4077 818 4130 Ptol.
838 4078 902 4130 Phil.
922 4095 1001 4148 pomp.
1021 4081 1110 4132 Bacch.
1130 4097 1153 4148 p.
1175 4082 1216 4145 tt)
1244 4083 1384 4135 verisimile
1409 4085 1457 4135 rad-

327 4167 407 4230 ditur,
433 4166 497 4233 quod
516 4173 588 4217 extat
606 4167 671 4232 apud
691 4165 815 4218 llaronam
834 4165 1032 4221 Alexandrinum
1051 4169 1077 4220 ln
1097 4167 1165 4218 libro
1192 4169 1234 4220 cui
1260 4171 1324 4240 περὶ
1350 4165 1457 4242 αὐτομα-

328 4256 457 4312 concitos
485 4254 635 4320 inscriptum
653 4262 694 4306 cst
711 4253 839 4318 (blathon.
859 4252 928 4304 Vctt.
949 4271 1004 4322 opp.
1023 4256 1061 4307 ed.
1080 4255 1214 4307 Thevenot
1231 4272 1254 4323 p.
1274 4255 1343 4324 246).
1371 4257 1420 4324 Qua
1433 4261 1455 4312 ir

329 4340 501 4406 descriptione
521 4357 576 4392 cun
594 4343 656 4392 haee
673 4341 750 4406 legis:
769 4340 806 4406 ‚tx
825 4337 854 4392 δὲ
871 4339 921 4391 aori
939 4333 1058 4408 σκύφους
1076 4341 1148 4401 οἶνος
1165 4338 1342 4412 ἐκχυθήσεται
1360 4341 1404 4399 inl
1417 4345 1456 4400 adv

329 4423 512 4496 ὑποκείμενον
528 4430 728 4498 πανθηρίσκον’
747 4429 824 4480 velim
844 4429 988 4479 recorderis
1001 4438 1104 4496 practer
1116 4429 1167 4480 alia
1180 4431 1257 4484 ctiam
1270 4434 1454 4501 anaglyphorun

330 4515 361 4568 tt
372 4519 407 4564 at
425 4517 465 4568 lb.
