3202 5246
587 413 810 478 ..31-

199 608 242 662 α,
268 589 286 650 l.
321 589 418 651 Altare
434 608 501 651 cum
518 589 646 652 damma.
677 591 787 652 Baccha
803 610 878 673 quae
892 591 987 654 lacem
1006 591 1038 651 in
1060 611 1094 652 eo
1114 591 1269 655 incendere

85 690 250 753 videtur.
283 693 404 773 Satyrus
426 701 505 754 serto
526 701 648 756 ornatus
671 713 737 755 cum
772 694 843 774 lyra.
871 694 981 756 Baccha
1003 691 1120 757 saltans.
1151 695 1269 758 Silenus

84 793 159 872 lyra
203 796 395 858 modulatus.
432 815 462 856 m
500 796 591 858 Sileni
621 796 736 858 llerma.
1156 831 1158 836 v

177 897 294 959 Matzii
317 898 474 978 descriptio
497 897 605 974 (2296)
628 899 668 961 ita
689 917 755 961 cum
780 899 861 962 Eich.
881 907 996 961 etcum
1017 900 1087 962 Cob.
1108 902 1267 973 consentit,

86 1007 127 1060 ut
160 1019 280 1080 paene
309 1001 381 1062 nihil
410 1000 482 1061 mihi
512 1001 679 1064 addendum
709 1001 756 1063 sit

199 1105 358 1166 Bacchum
374 1105 455 1166 laeva
471 1105 619 1184 elephanti
648 1105 736 1167 dorso
758 1105 823 1166 uitta
862 1105 990 1167 habenas
1019 1107 1152 1168 tenuisse
1183 1105 1268 1168 llich-

89 1207 153 1266 leri
194 1207 424 1294 accuratissima
452 1206 615 1269 imitatione
645 1199 795 1278 firmatur,
831 1208 862 1269 in
899 1229 956 1290 qua
991 1218 1049 1270 tres
1080 1209 1186 1287 digitos
1216 1210 1269 1272 ba-

90 1310 278 1389 henasque
308 1283 471 1371 vidimus
463 1329 494 1370 tn
524 1311 671 1390 elephanti
702 1312 799 1372 dorso.

200 1413 376 1474 Puerorum
388 1413 631 1492 graciliorem
646 1415 699 1476 sed
729 1415 935 1495 qainondam
959 1423 1031 1476 sunt
1060 1414 1270 1476 adolescentuli

93 1553 143 1560 -
180 1517 299 1578 dexter
328 1519 459 1600 κέντρον
493 1519 622 1588 tenebat,
659 1517 742 1580 cuius
777 1518 921 1580 remansit
954 1517 985 1578 in
1023 1517 1169 1597 elephanti
1199 1536 1270 1580 aure

92 1619 262 1699 reliquia

199 1721 244 1783 ln
261 1721 331 1783 Cob.
347 1721 443 1800 Satyri
458 1721 467 1780 l
483 1730 562 1783 extat
576 1741 643 1802 pars
666 1722 776 1785 brachii
799 1723 912 1836 sinistri
934 1723 1050 1795 sublati,
1073 1741 1132 1802 quo
1155 1722 1264 1784 larvam

92 1845 175 1886 eum
206 1826 348 1888 tenuisse
372 1833 417 1885 cst
438 1836 686 1887 consentaneum.

198 1923 309 1990 Utrem
334 1947 422 2008 quem
444 1929 475 1990 in
499 1929 590 1990 Sileni
616 1929 772 1991 simulacro
796 1929 927 1990 lluhuius
959 1949 991 1989 se
1015 1927 1119 1990 vidisse
1142 1929 1267 1990 alhrmat

94 2031 230 2112 (2296)
255 2033 327 2094 satis
349 2033 436 2113 plane
458 2031 577 2096 exhibet
600 2033 680 2095 Eich.

691 2203 722 2266 V.

200 2343 240 2402 ln
265 2342 323 2403 line
345 2341 400 2403 tria
423 2343 586 2419 fragmenta
609 2342 788 2420 complector
811 2359 870 2403 uuo
890 2359 1027 2411 numero,
1051 2359 1178 2422 quorum
1201 2341 1263 2422 pri·
1278 2361 1325 2414 182

99 2463 198 2506 mum
228 2453 309 2506 extat
339 2443 449 2506 Romae
475 2443 507 2505 in
536 2443 622 2506 horto
646 2443 696 2523 qui
724 2451 769 2504 est
797 2463 874 2526 pone
896 2445 1017 2508 casino
1040 2445 1119 2524 quod
1144 2453 1265 2507 vocatur

18 2609 20 2616 ,
100 2548 407 2628 Borghesianum.

203 2649 270 2712 18a
293 2649 503 2730 Fragmentum
528 2649 638 2728 detegit
660 2648 759 2712 Eich.

201 2753 346 2815 Continet
376 2752 525 2832 elephanti
554 2761 667 2833 partem
695 2754 892 2825 anteriorem,
919 2753 1030 2832 inqua
1054 2752 1264 2832 vehiturado·

103 2857 232 2918 lesccns
255 2857 355 2917 dextra
388 2857 519 2938 κέντρον
547 2863 673 2933 gestans
717 2842 864 2918 Adehtra
895 2855 1042 2936 elephanti
1076 2865 1121 2915 est
1144 2856 1264 2933 Satyrus

106 2962 216 3022 nudus
234 2959 371 3022 adversus
388 2959 482 3040 capite
504 2958 710 3021 sinistrorsum
733 2960 842 3021 rellexo
866 2959 917 3039 qui
938 2958 1017 3019 laeva
1040 2957 1150 3036 pedum
1173 2965 1262 3019 tenet.

109 3057 231 3123 Deinde
255 3063 436 3143 conspicitur
458 3062 569 3124 Baccha
593 3062 780 3124 dextrorsum
805 3079 946 3142 pergens,

687 3232 706 3292 b
1053 3249 1059 3259 '
1278 3260 1325 3312 tou

202 3353 343 3414 Eiusdem
365 3353 490 3415 fortasse
513 3354 684 3432 sarcophagi
700 3361 816 3432 partem
832 3352 994 3416 confecisse
1016 3359 1099 3432 putat
1117 3351 1263 3413 Rohertus

111 3455 220 3532 frgmt
237 3455 905 3536 quodineademastvillaBorghesiana
942 3455 1021 3516 ltu
1045 3453 1138 3582 2283.
1176 3454 1262 3527 Quod

112 3560 254 3621 continet
275 3579 311 3638 c2
334 3567 364 3622 ct
385 3560 529 3640 Satyrum.

682 3682 699 3724 c

200 3766 279 3828 Nihil
302 3784 369 3829 cum
393 3765 449 3826 illis
475 3783 640 3828 commuue
661 3773 707 3828 est
728 3764 818 3828 tertio
851 3764 1016 3844 fragmento
1043 3763 1124 3843 quod
1150 3714 1325 3824 editum¹⁸⁰

113 3874 175 3927 est:
199 3867 391 3933 Monumenta
407 3868 640 3931 Matthaeiana
657 3869 704 3930 lll.
731 3867 771 3930 48
788 3869 918 3947 (aliunde
939 3867 1011 3930 mibi
1033 3885 1094 3928 non
1116 3866 1261 3942 innotuit)

113 3973 194 4047 quod
211 3972 268 4034 huc
283 3973 484 4034 revocandum
500 3967 570 4036 duxi
592 3979 713 4053 propter
735 3973 880 4034 camelum
903 3990 962 4052 quo
985 3971 1044 4032 duo
1067 3969 1121 4030 viri
1143 3969 1259 4030 vehun-

114 4075 173 4147 tur,
197 4084 226 4136 et
247 4075 464 4138 adolescentem
488 4075 569 4137 basta
594 4077 637 4138 vel
660 4077 788 4156 fortasse
811 4077 909 4156 thyrso
933 4073 1087 4152 insignem,
1111 4071 1148 4132 ita
1172 4071 1257 4133 utin

115 4175 287 4237 uuiversum
313 4196 485 4258 expressum
509 4180 548 4239 sit
571 4199 619 4258 c2.

579 4401 788 4409 -——-.-—-
