3202 5246
560 422 781 484 ...11-

169 597 294 664 Oppidnm
316 599 339 648 in
358 597 424 648 Icari
444 598 542 649 insulae
561 606 645 649 monto
664 597 779 649 Dracano
798 599 873 648 sitnm
893 599 1050 649 devastatum
1070 606 1095 649 et
1114 599 1145 650 ah
1158 599 1243 649 hemi-

65 683 175 734 nibus
194 686 313 734 relictum
338 683 418 736 fnisse
436 685 511 735 testis
539 692 579 735 est
597 684 689 735 Strabo
707 682 767 734 XlV
786 701 810 750 p.
829 684 887 747 639,
905 685 930 736 id
948 687 1012 751 qnod
1032 687 1058 736 in
1076 687 1133 736 loeo
1152 685 1243 739 Bacchi

66 771 227 834 religione
245 778 364 836 sacrato,
383 770 479 822 celebri
497 771 574 821 etiam
592 769 676 820 Noani
695 769 851 836 temporibus
871 771 960 822 mirum
979 779 1056 822 esset.
1076 799 1109 808 -
1127 773 1242 824 Nonnum

69 854 251 920 profundam
270 873 339 907 snam
357 857 462 907 dialecti
480 857 658 925 Syracusanae
679 856 796 906 notitiam
815 858 972 922 grammatici
990 859 1102 909 alicuius
1121 874 1244 909 commen-

68 941 195 992 tariolo
214 942 316 1008 debere,
334 943 406 994 cuins
424 943 528 1006 generis
547 950 621 993 erant
633 941 755 1010 γλῶσσαι
770 936 909 1011 'Iaaninaad²
928 961 989 1011 qaas
1003 945 1126 996 Diodorus
1145 945 1244 1010 quidam

69 1029 295 1096 conscripserat,
308 1031 338 1080 de
348 1044 394 1092 qno
407 1029 465 1078 vide
475 1029 626 1081 Ahransium
637 1030 663 1082 in
673 1030 803 1082 Theocriti
813 1031 925 1082 editione
939 1047 969 1082 m.
983 1030 1039 1082 Vol.
1052 1029 1072 1082 ll
1085 1047 1108 1098 p.
1118 1028 1244 1094 XXXIX,

74 1122 129 1164 est
157 1115 305 1166 coniectura
325 1114 438 1179 haberti.

167 1201 200 1262 ¹⁶)
220 1201 256 1251 lla
274 1202 391 1253 Deriadis
411 1202 519 1264 nomine,
538 1202 629 1268 qnippe
647 1203 712 1268 qaod
731 1203 824 1254 nullam
844 1204 924 1255 adhuc
942 1205 1006 1255 satis
1025 1205 1124 1270 planam
1142 1209 1243 1254 nactum

74 1288 124 1338 sit
152 1288 360 1354 originationem,
379 1305 426 1338 non
445 1289 562 1340 retinebo
581 1290 754 1342 coniecturam
772 1305 844 1356 qnam
867 1288 917 1342 ieci
940 1290 982 1342 hie
1005 1305 1103 1356 qnoque
1122 1287 1244 1340 lioehleai

76 1375 170 1425 nisus
183 1375 299 1424 acumine
306 1413 313 1440 ,
327 1377 369 1442 qui
379 1377 408 1438 (Ι.
419 1377 436 1427 l.
447 1393 469 1442 p.
481 1378 513 1428 50
526 1376 587 1440 sqq.)
595 1375 688 1440 edocit,
700 1375 851 1426 utlndoram
866 1377 1006 1428 nominihns
1017 1392 1065 1426 non
1075 1376 1244 1442 iampntemas

75 1463 206 1513 subesse
217 1462 315 1528 mythol
325 1463 411 1527 ogicas
430 1463 471 1514 vel
490 1461 613 1528 mysticas
632 1461 749 1527 quasdam
762 1461 898 1528 profundas
917 1463 1111 1528 reconditasqae
1123 1461 1244 1512 rationes.

78 1549 230 1599 Lassenns
243 1549 308 1599 eninr
324 1551 348 1600 in
362 1549 503 1600 enarranda
514 1548 654 1598 Alexandri
667 1548 830 1614 expeditione
842 1549 935 1614 passim
948 1549 1143 1614 demonstravit,
1162 1547 1246 1599 Mace-

79 1636 179 1684 dones
193 1632 310 1685 Indorum
331 1636 429 1686 nomina
443 1635 590 1700 saepissime
604 1650 617 1684 e
629 1635 741 1698 gentium
760 1635 803 1686 vel
816 1637 947 1698 regionam
969 1635 1111 1686 nominibus
1129 1634 1244 1684 linxisse.

82 1721 151 1787 Qua
174 1722 267 1772 notitia
287 1737 347 1772 nsua
359 1722 420 1772 mihi
433 1721 531 1788 quidem
545 1728 615 1771 reete
629 1719 742 1772 Merrhei
762 1737 849 1772 nomen
863 1737 877 1771 a
889 1727 964 1783 gente
978 1720 1077 1786 Manrja
1090 1719 1132 1781 (ci.
1146 1719 1243 1770 Lassen

83 1809 129 1858 ΙΙ2
153 1808 217 1872 205)
236 1807 377 1859 liochleras
387 1807 520 1859 derivasse
540 1807 651 1857 videtur.
687 1807 813 1858 Similiter
831 1805 943 1858 fortasse
966 1821 980 1856 c
1002 1813 1077 1868 gente
1096 1805 1195 1856 Darada
1214 1805 1246 1854 de

83 1911 141 1962 qua
163 1895 226 1944 vide
244 1893 349 1944 Lassen.
368 1892 395 1944 1¹
413 1911 435 1960 p.
449 1894 481 1943 50
500 1900 526 1943 et
544 1909 567 1959 p.
585 1895 634 1944 498
654 1909 704 1960 sqq.
728 1894 814 1945 hatum
833 1894 868 1944 sit
886 1907 973 1943 namen
992 1892 1118 1942 lleriadia.

168 1981 203 2046 ¹⁷)
222 1980 258 2030 De
279 1981 370 2032 Perseo
393 1980 537 2031 testimonia
552 1980 657 2044 collegit
669 1978 811 2030 lioehlerns
831 1997 852 2046 p.
866 1979 906 2029 90.
939 1978 1061 2030 Dinarchi
1080 1977 1143 2029 illud
1163 1976 1241 2026 teati-

84 2069 213 2120 monium
232 2068 282 2118 iam
301 2083 315 2117 a
334 2067 486 2118 Philochoro
505 2066 610 2117 allatam
629 2080 685 2116 esse
704 2066 802 2116 monuit
821 2065 1003 2116 Wilamowitz.
