3202 5246
679 397 1006 484 1..52η

876 681 909 742 ΙΙ.

263 841 317 892 noa
413 819 453 880 29
467 821 493 882 h.
516 819 638 882 Sinistra
651 811 804 900 anaglyphi
827 823 942 900 dequo
967 821 1054 881 modo
1077 820 1191 900 egimus
1215 840 1322 882 scaena
1346 822 1483 901 repetita

328 924 400 1002 est¹)
423 924 454 985 in
470 924 651 1004 sarcophago
667 925 806 985 Vaticano
822 942 911 1003 supra
935 933 1098 984 memorato
1111 921 1188 1001 (29),
1213 925 1265 984 sed
1282 925 1482 986 adversarius
1526 970 1533 980 .

327 1026 432 1088 Bacchi
448 1036 494 1088 εει
509 1027 553 1089 vir
569 1036 700 1088 armatus
717 1035 782 1101 (rex
796 1027 947 1100 Indorum,
965 1035 995 1086 ut
1013 1025 1137 1104 videtur)
1160 1027 1210 1106 qui
1226 1036 1308 1088 stans
1331 1025 1362 1085 in
1380 1043 1482 1086 curru

327 1131 443 1209 fugiens
472 1131 586 1192 videtur
608 1149 624 1191 a
646 1130 750 1191 Bacchi
778 1130 891 1210 impetu
915 1149 946 1190 se
968 1129 1141 1201 defendere3
1164 1129 1287 1209 liguram
1315 1149 1392 1210 quae
1415 1129 1482 1190 suh

328 1235 391 1296 eius
415 1235 500 1314 equis
526 1234 642 1295 videtur
671 1234 702 1295 in
725 1243 803 1294 terra
833 1234 934 1295 sedere
963 1249 1023 1293 non
1055 1251 1107 1312 pro
1138 1243 1254 1295 mortuo
1283 1235 1389 1306 haheo,
1421 1233 1481 1294 sed

214 1347 220 1357 ·
326 1341 450 1400 tortasse
481 1348 526 1399 est
556 1337 667 1410 Tellus,
705 1356 885 1417 quamquam
916 1337 943 1398 id
975 1355 1091 1416 quoque
1121 1337 1242 1397 dubium
1273 1347 1318 1398 est
1347 1347 1484 1417 propter

327 1441 453 1520 clipeum
478 1459 578 1520 quern,
602 1449 702 1501 utrum
726 1447 826 1502 teneat
850 1459 954 1512 neone,
979 1457 1040 1500 non
1062 1439 1156 1501 audeo
1181 1439 1348 1500 diiudicare.

412 1541 533 1604 Ovidius
557 1562 612 1604 nec
635 1543 695 1621 regi
719 1543 859 1604 Indorum
884 1563 939 1605 nec
964 1543 1039 1605 filiae
1069 1544 1131 1604 eius
1160 1561 1269 1604 nomen
1298 1545 1395 1616 dedit,
1434 1581 1483 1587 -

327 1663 397 1707 num
421 1646 467 1707 Tu
490 1655 574 1726 putas
604 1647 673 1707 huic
696 1647 835 1708 ludorum
859 1648 935 1726 regi,
958 1649 982 1708 si
1006 1647 1094 1708 modo
1118 1656 1161 1712 est
1183 1667 1248 1720 rex,
1282 1665 1396 1708 nomen
1422 1668 1482 1708 ex·
1584 1645 1585 1680 l

327 1749 514 1830 cogitandum
537 1747 624 1811 essa?
1584 1735 1585 1740 ¹

876 1977 924 2038 lll.

283 2139 315 2189 at
414 2114 463 2176 34.
478 2115 569 2176 Venio
593 2117 627 2180 ad
651 2136 773 2197 prorsus
797 2117 883 2178 alium
909 2135 1022 2196 pugnae
1045 2125 1146 2198 typum
1165 2119 1249 2179 cuius
1272 2119 1475 2203 unumquod

329 2227 407 2280 extat
441 2219 609 2299 exemplum
640 2239 655 2280 a
685 2222 804 2282 nemine
835 2221 938 2293 adhuc,
973 2231 1116 2300 quantum
1152 2222 1286 2302 equidem
1322 2222 1400 2294 scio,
1435 2223 1474 2283 ad

328 2323 455 2384 Indicam
491 2323 708 2403 expeditionem
742 2332 912 2386 revocatum
948 2333 1008 2396 εει,
1043 2325 1071 2384 id
1106 2327 1183 2405 quod
1218 2335 1374 2405 propterea
1410 2343 1473 2386 non

329 2428 507 2500 mirandum,
543 2427 624 2506 quod
646 2428 842 2506 sarcophagus
866 2428 914 2506 qui
948 2428 1036 2488 nimis
1068 2428 1124 2488 alte
1157 2437 1187 2490 et
1214 2429 1245 2490 in
1278 2431 1342 2491 loco
1365 2449 1470 2509 parum

328 2530 424 2592 lucido
449 2548 534 2591 muro
551 2529 710 2611 applicatus
734 2538 779 2591 est
794 2548 874 2592 nunc
890 2531 1036 2592 vilissimis
1052 2531 1164 2592 laborat
1178 2532 1469 2613 interpolationibus:

411 2632 533 2694 Museo
551 2633 762 2713 Capitolino.
786 2634 855 2696 Cob.
870 2635 906 2694 41
923 2634 1010 2715 (243)
1027 2634 1232 2713 Fogginilllus.
1247 2635 1338 2713 Capit.
1358 2637 1401 2696 tv.
1418 2637 1465 2697 5l.

412 2737 542 2814 Righetti
566 2735 686 2797 d'escriz.
711 2738 766 2798 del.
791 2738 889 2818 Camp.
913 2748 970 2799 tav.
993 2736 1131 2798 LXXXV.
1176 2737 1276 2799 Eich.
1300 2739 1464 2800 Secundum

328 2839 546 2919 Coburgensem
575 2841 651 2902 edidi
676 2839 770 2918 (dr.2
797 2842 827 2901 in
843 2843 962 2917 tabula).

372 2941 374 2946 ’
413 2944 606 3005 Βεεειιειεηὶε
631 2963 719 3024 quam
745 2945 917 3024 philologiae
937 2963 1074 3007 vocamus
1095 2943 1321 3008 fundamentum
1349 2945 1468 3008 unicum
1585 2967 1586 2970 ¹

328 3047 452 3109 adhibeo
469 3047 698 3126 Coburgensem‚
721 3049 837 3110 namin
854 3067 887 3110 eo
900 3049 1077 3119 delineatum
1098 3058 1143 3111 est
1160 3049 1354 3129 anaglyphum
1371 3050 1470 3130 prius-

328 3171 417 3232 quam
430 3152 650 3232 interpolatoris
664 3172 783 3214 manum
798 3162 1017 3234 perpeteretur3
1039 3154 1121 3214 cuius
1143 3172 1217 3233 opus
1239 3154 1368 3216 editores
1384 3174 1400 3214 a
1420 3173 1469 3232 ge-

329 3257 421 3317 nuino
432 3273 491 3317 non
504 3243 715 3330 discreverunt}
731 3257 823 3318 immo
836 3257 923 3319 etiam
937 3276 1012 3337 quae
1023 3265 1102 3318 recte
1116 3257 1253 3320 videntur
1265 3259 1295 3318 in
1308 3258 1467 3336 anaglypho

327 3368 439 3420 servata
455 3380 521 3422 esse
541 3378 602 3422 non
618 3379 735 3440 semper
747 3362 823 3422 edita
846 3369 924 3422 recte
935 3368 1014 3431 sunt,
1029 3360 1109 3422 velut
1121 3359 1248 3422 camelus
1266 3362 1358 3440 quiin
1370 3361 1467 3421 madio

329 3471 407 3524 extat
423 3463 584 3542 anaglypho
599 3463 631 3524 in
647 3464 721 3526 duos
737 3483 830 3545 equos
846 3471 977 3525 mutatus
993 3473 1038 3524 est
1053 3466 1130 3544 apud
1149 3465 1237 3545 Fogg.
1254 3464 1356 3545 (caput
1367 3465 1465 3527 cameli

330 3565 448 3627 alterius
465 3575 510 3628 est
525 3567 594 3648 equi
610 3576 706 3648 caput,
730 3569 848 3630 alterius
865 3568 973 3641 tuber),
994 3568 1072 3629 velut
1088 3568 1231 3629 Victoriae
1246 3587 1352 3630 manus
1368 3569 1465 3630 dextra

329 3679 359 3731 et
378 3689 485 3732 corona
509 3671 596 3752 plane
617 3673 736 3733 omissa.
774 3673 932 3750 Imaginem
958 3671 1109 3753 anaglyphi
1130 3691 1216 3751 quam
1235 3672 1324 3732 edidit
1340 3672 1464 3750 Righetti

330 3775 452 3836 omnino
472 3775 581 3836 nullius
600 3793 667 3836 esse
687 3775 774 3855 pretii
790 3777 940 3854 intelleges
953 3776 996 3838 vel
1012 3776 1139 3837 breviter
1156 3775 1267 3838 conlata
1286 3775 1407 3836 Eichleri
1423 3785 1463 3835 ta-

328 3877 396 3938 hula
410 3896 498 3958 quam
512 3879 605 3958 ipsam
631 3889 729 3941 tamen
753 3898 811 3940 non
829 3880 929 3940 eadem
955 3880 1009 3940 fide
1032 3879 1150 3957 dignam
1175 3898 1240 3940 esse
1262 3887 1351 3957 atque
1374 3887 1462 3939 cetera

331 3981 462 4044 eiusdem
477 4000 563 4063 opera
587 4003 622 4044 ex
644 3983 798 4062 anaglyphi
815 4001 902 4062 quarn
926 4001 1014 4062 snpra
1031 3983 1114 4060 tetigi
1131 3981 1300 4043 conditione
1316 3991 1463 4042 acuatum

332 4087 439 4148 evenit.
478 4086 718 4149 Commemorare
733 4105 794 4147 non
812 4087 945 4148 omittam
968 4086 999 4147 in
1020 4087 1120 4147 dextra
1138 4093 1220 4167 parte
1240 4085 1367 4146 tabulam
1384 4105 1398 4145 a
1415 4085 1462 4145 Ri-

400 4348 419 4413 ¹)
438 4350 602 4418 Comporavit
628 4353 691 4402 haee
717 4353 766 4402 duo
794 4341 941 4416 anaglypha
963 4350 1012 4400 iam
1031 4347 1232 4416 llepdemannus,
1250 4349 1292 4414 qui
1310 4348 1463 4413 etiam‚quae

329 4445 465 4503 praeterea
484 4439 510 4489 in
530 4441 684 4506 sarcophago
704 4437 867 4490 Cortoniensi
885 4436 1025 4488 communia
1048 4437 1100 4486 sint
1127 4451 1183 4485 cnm
1209 4436 1268 4486 allis
1295 4436 1462 4498 monumentis,

329 4525 479 4590 composuit.
