3202 5246
823 433 1045 496 ..20-

370 611 448 672 mine
478 611 508 672 in
538 611 637 672 animo
668 617 811 672 uersatam
840 629 904 672 csse
933 628 993 672 non
1028 610 1140 690 absque
1169 609 1251 670 omni
1289 607 1538 670 verisimilitatis

367 715 464 795 specie
508 713 679 777 coniecerit.
747 713 850 793 Neque
886 731 1008 794 prorsus
1046 712 1261 792 neglegendum
1298 719 1345 773 est
1374 711 1536 774 diadema

367 835 426 897 quo
456 817 566 898 captiva
596 819 644 880 illa
674 817 705 879 in
728 833 773 878 nr.
790 817 832 878 la
863 825 963 879 oruata
994 826 1049 890 est,
1078 817 1118 880 ita
1149 825 1181 878 ut
1197 817 1239 878 rel
1259 825 1378 878 remoto
1401 817 1535 879 Amore

366 920 461 982 Ovidii
492 921 581 982 liliam
611 921 719 1001 regiam
751 937 908 999 agnoscere
933 921 1026 982 liceat
1069 923 1114 982 hu
1145 927 1229 1000 putas
1264 919 1403 982 Ovidium
1439 920 1534 981 hanc

366 1024 495 1086 fabulam
525 1025 643 1086 finxisse
681 1031 711 1085 et
740 1023 874 1104 opificem
904 1032 1007 1103 poetae
1040 1024 1196 1085 verborum
1226 1041 1390 1085 memorem
1437 1041 1531 1086 ana-

365 1128 472 1209 glypho
502 1129 584 1190 villae
612 1127 717 1190 blcdici
733 1128 780 1206 (1)
810 1129 949 1188 umorem
979 1124 1150 1190 addidisse?

454 1232 578 1294 Restant
600 1231 760 1310 anaglypha
786 1231 799 1290 l
825 1239 855 1291 et
877 1229 906 1302 2,
936 1249 1063 1311 quorum
1091 1249 1137 1293 nr.
1161 1231 1173 1290 l
1201 1239 1231 1291 et
1252 1237 1375 1310 propter
1403 1229 1525 1291 stilum

366 1341 395 1393 et
416 1335 495 1413 quod
519 1335 652 1395 noudum
676 1335 715 1395 ita
731 1333 816 1413 plena
833 1341 879 1396 est
900 1334 1075 1414 compositio
1098 1334 1246 1414 exemplar
1267 1333 1399 1415 pressius
1421 1333 1526 1411 sequi

366 1445 600 1499 consentaneum
634 1438 775 1498 videatur.
821 1437 853 1497 ld
876 1438 956 1517 quod
986 1445 1086 1500 minen
1108 1446 1229 1518 propter
1252 1454 1387 1498 mancam
1416 1443 1524 1515 atque

364 1559 470 1620 parum
494 1549 659 1604 accuratam
682 1559 771 1621 quam
795 1540 831 1600 dc
853 1559 888 1601 eo
910 1557 964 1602 nos
980 1539 1089 1603 habere
1105 1540 1239 1602 notitiam
1263 1557 1351 1618 supra
1376 1538 1520 1600 vidimus

366 1662 427 1705 non
452 1644 507 1706 nisi
530 1645 610 1706 valde
633 1644 803 1706 dubitanter
824 1645 995 1724 pronuntio.
1040 1643 1161 1707 decedit
1183 1643 1261 1724 quod
1289 1643 1321 1703 in
1344 1661 1402 1704 una
1424 1651 1521 1703 certe

364 1765 396 1808 re
421 1755 564 1810 monstrat
586 1747 786 1810 retractatoris
817 1765 948 1810 manum.
993 1748 1127 1810 Camelos
1157 1746 1252 1818 enim,
1281 1746 1332 1826 qui
1355 1746 1456 1808 Panos
1482 1755 1518 1806 et

364 1849 537 1931 Satyrorum
566 1852 630 1913 loco
660 1850 895 1930 conspiciuntur,
927 1849 1102 1931 praesertim
1127 1848 1207 1910 cum
1223 1857 1251 1910 et
1273 1848 1320 1910 leo
1350 1858 1380 1910 et
1402 1849 1516 1910 cameli

363 1963 451 2035 ceput
484 1955 595 2036 optime
622 1956 719 2018 locum
750 1955 939 2028 servaverint,
972 1964 1044 2036 puto
1071 1953 1260 2034 symmetriae
1287 1969 1373 2014 causa
1400 1961 1513 2032 postea

364 2058 502 2120 inductos
525 2078 602 2133 esse3
636 2077 711 2140 quos
742 2059 820 2120 siin
844 2059 1002 2139 exemplari
1029 2058 1157 2120 luissent
1185 2075 1246 2119 non
1269 2055 1426 2116 verisimile
1450 2064 1511 2128 est,

363 2161 433 2222 aliae
456 2180 579 2224 scaenae
594 2162 727 2234 cessisse,
751 2170 791 2236 et,
813 2181 881 2224 cum
897 2162 1016 2223 Silenus
1038 2162 1118 2223 iuxta
1140 2160 1245 2222 Bacchi
1267 2177 1386 2222 currum
1411 2161 1509 2223 veha-

362 2273 420 2340 tur,
444 2265 506 2326 Pan
529 2283 648 2346 quoque
671 2283 731 2327 non
754 2267 857 2346 procul
879 2267 915 2327 ab
939 2285 974 2327 eo
995 2265 1060 2326 loco
1083 2264 1256 2344 requiritur.

446 2369 533 2442 Pana,
550 2369 688 2431 comitem
698 2369 804 2430 Bacchi
819 2379 849 2432 et
864 2369 948 2448 quasi
963 2368 1105 2450 praetoris
1120 2377 1220 2446 partes
1235 2376 1369 2446 agentem
1383 2367 1504 2448 saepius

361 2474 439 2553 apud
461 2473 620 2553 scriptores
642 2473 818 2543 invenimus,
840 2471 956 2533 Silenus
979 2471 1047 2532 belli
1068 2471 1129 2532 dux
1150 2489 1212 2533 non
1233 2470 1290 2532 nisi
1312 2471 1390 2551 apud
1412 2471 1502 2532 huci-

361 2595 450 2638 anum
467 2575 603 2651 occurrit,
627 2595 805 2657 quamquam
822 2575 904 2636 aliter
918 2574 957 2636 ibi
973 2574 1137 2654 descriptus
1159 2581 1307 2654 astatque
1326 2575 1360 2636 in
1383 2575 1501 2654 anagly-

361 2681 427 2761 phis
449 2681 546 2742 adhue
568 2679 747 2743 enumeratis
770 2686 929 2760 comparet.
954 2677 1008 2739 llic
1030 2677 1149 2740 Silenus
1172 2677 1265 2757 clipeo
1288 2679 1429 2756 hastaque
1450 2697 1500 2738 ar-

362 2793 459 2846 matus
483 2803 545 2846 non
567 2783 665 2846 minus
687 2784 803 2845 videtur
829 2783 933 2846 artifici
961 2783 1096 2864 proprius
1120 2801 1194 2853 esse,
1224 2801 1312 2862 quam
1340 2781 1447 2860 captivi
1470 2790 1500 2842 et

361 2887 579 2967 pulcherrimus
601 2888 649 2949 ille
673 2887 804 2968 Satyrus,
832 2886 883 2967 qui
905 2885 1001 2965 bigam
1035 2885 1194 2966 praecedit.
1238 2884 1333 2957 Quem
1357 2885 1497 2947 artificem

360 2991 391 3051 in
415 2991 588 3053 universum
611 2989 726 3053 labulae
748 2990 875 3051 formam
900 2999 1034 3052 secutum
1058 3009 1123 3050 esse
1145 2989 1235 3062 vides,
1257 3007 1345 3070 quam
1361 2987 1497 3050 Macedo·

361 3095 457 3156 nicam
481 3113 569 3175 supra
592 3093 690 3156 vocavi
713 3102 743 3155 et
764 3093 957 3155 Alexandriae
979 3093 1108 3173 riguisse
1130 3092 1198 3155 dixi.

916 3233 950 3294 ll.

447 3346 537 3406 Venio
553 3345 590 3408 ad
605 3345 759 3408 alteram
774 3345 954 3420 classem,
971 3364 1044 3427 quae
1059 3345 1090 3407 in
1105 3346 1178 3407 duos
1194 3345 1312 3406 ordines
1328 3345 1448 3408 divitur:
1463 3345 1496 3406 iu

362 3449 465 3511 ordine
488 3451 551 3511 llh
575 3459 635 3514 stat
656 3448 797 3522 Bacchus,
820 3449 906 3510 utin
929 3449 1021 3512 classe
1042 3449 1064 3522 1,
1091 3447 1122 3510 in
1147 3449 1208 3510 llB
1231 3450 1313 3510 sedet
1340 3449 1383 3510 vel
1406 3469 1496 3530 paene

361 3561 525 3632 prostratus
549 3563 595 3616 est
626 3552 658 3614 in
681 3571 779 3615 curru.
824 3551 939 3614 Primae
970 3551 1071 3614 classis
1103 3559 1207 3632 typum
1240 3570 1328 3632 supra
1373 3553 1495 3615 vidimus

361 3657 478 3738 proprie
511 3657 662 3719 inventum
696 3655 800 3729 luisse,
836 3665 868 3716 ut
900 3655 1083 3736 triumphum
1119 3656 1306 3736 exprimeret,
1351 3658 1494 3720 secundae

361 3761 459 3822 elassis
492 3769 605 3840 partem
638 3759 845 3821 bridebimus
879 3760 952 3820 nihil
981 3779 1046 3820 esse
1083 3759 1140 3820 nisi
1169 3759 1257 3820 thiasi
1286 3757 1428 3838 imagines
1455 3795 1494 3804 —

362 3863 445 3925 cuius
467 3863 582 3942 generis
604 3863 752 3944 permulta
775 3870 876 3924 extant
898 3863 1030 3943 exempla
1053 3897 1093 3908 —
1117 3861 1225 3924 additis
1254 3861 1366 3942 aliquot
1397 3863 1493 3942 liguris

362 3967 512 4047 triumpho
535 3966 636 4028 Indico
670 3966 823 4046 adaptatis.
869 3964 1125 4046 Sarcophagorum
1153 3983 1260 4046 genera
1287 3967 1491 4046 comprehensa

361 4070 457 4132 littera
470 4071 495 4132 ll
507 4073 539 4144 Α,
563 4070 673 4146 velh1)
690 4069 897 4132 monstrabunt
909 4069 1043 4130 Indicum
1059 4071 1243 4150 triumphum
1257 4070 1392 4144 admixtis
1414 4071 1491 4152 paul-

360 4173 440 4236 latim
464 4174 598 4254 pluribus
621 4173 815 4254 pluribusque
839 4191 874 4234 ex
888 4171 985 4234 thiaso
1011 4173 1175 4254 desumptis
1184 4171 1210 4252 ²)
1233 4156 1331 4251 figuris
1358 4173 1489 4246 effictum.

428 4311 527 4377 ¹)1Cum
552 4311 671 4363 classisl
695 4328 743 4362 non
768 4311 804 4362 sit
827 4309 926 4371 divisa,
954 4310 1046 4362 classis
1064 4311 1086 4362 ll
1104 4317 1190 4378 partas
1207 4312 1232 4364 A
1255 4317 1282 4361 et
1300 4311 1318 4362 Β
1337 4326 1385 4361 nor
1412 4313 1488 4364 addito

362 4413 464 4448 numero
483 4397 504 4446 ll
522 4398 676 4465 simpliciter
694 4397 791 4448 litteris
811 4396 865 4448 illis
884 4403 973 4447 notare
992 4397 1075 4449 liceat.

430 4486 453 4547 ²)
471 4484 526 4536 Noa
555 4485 611 4534 dieo
639 4499 684 4534 nos
711 4492 783 4534 certo
811 4483 878 4534 seire
905 4483 1000 4546 figuras
1027 4484 1087 4534 illas
1114 4486 1144 4534 ad
1173 4484 1282 4537 thiasum
1309 4485 1487 4552 exprimendum

361 4573 465 4637 primunr
485 4571 611 4633 inventas,
632 4572 738 4636 indeque
755 4569 786 4620 ad
804 4568 915 4620 lodicum
934 4570 1085 4639 triumphum
1105 4571 1244 4624 translatas
1263 4585 1329 4636 esso,
1349 4589 1404 4624 nam
1421 4575 1486 4625 etiem
