<?xml version="1.0" encoding="UTF-8"?>
<!DOCTYPE html PUBLIC "-//W3C//DTD XHTML 1.0 Transitional//EN"
    "http://www.w3.org/TR/xhtml1/DTD/xhtml1-transitional.dtd">
<html xmlns="http://www.w3.org/1999/xhtml" xml:lang="en" lang="en">
 <head>
  <title>
</title>
<meta http-equiv="Content-Type" content="text/html;charset=utf-8" />
  <meta name='ocr-system' content='tesseract 3.04.00' />
  <meta name='ocr-capabilities' content='ocr_page ocr_carea ocr_par ocr_line ocrx_word'/>
</head>
<body>
  <div class='ocr_page' id='page_1' title='image "./debacchiexpedit00graegoog_0015.png"; bbox 0 0 3202 5246; ppageno 0'>
   <div class='ocr_carea' id='block_1_1' title="bbox 780 402 975 464">
    <p class='ocr_par' dir='ltr' id='par_1_1' title="bbox 780 402 975 464">
     <span class='ocr_line' id='line_1_1' title="bbox 780 402 975 464; baseline 0 -16"><span class='ocrx_word' id='word_1_1' title='bbox 780 402 975 464; x_wconf 74' lang='grc'>..6-</span> 
     </span>
    </p>
   </div>
   <div class='ocr_carea' id='block_1_2' title="bbox 312 576 1582 1094">
    <p class='ocr_par' dir='ltr' id='par_1_2' title="bbox 312 576 1582 1094">
     <span class='ocr_line' id='line_1_2' title="bbox 392 576 1483 680; baseline 0.003 -44"><span class='ocrx_word' id='word_1_2' title='bbox 392 576 488 637; x_wconf 77' lang='lat' dir='ltr'><strong>Audio</strong></span> <span class='ocrx_word' id='word_1_3' title='bbox 499 577 730 656; x_wconf 75' lang='lat' dir='ltr'><strong>interpellantes,</strong></span> <span class='ocrx_word' id='word_1_4' title='bbox 740 579 810 657; x_wconf 89' lang='lat' dir='ltr'><strong>quid</strong></span> <span class='ocrx_word' id='word_1_5' title='bbox 818 579 1003 658; x_wconf 77' lang='lat' dir='ltr'><strong>pragmaticis</strong></span> <span class='ocrx_word' id='word_1_6' title='bbox 1015 579 1053 638; x_wconf 88' lang='lat' dir='ltr'><strong>sit</strong></span> <span class='ocrx_word' id='word_1_7' title='bbox 1064 597 1132 638; x_wconf 89' lang='lat' dir='ltr'><strong>cum</strong></span> <span class='ocrx_word' id='word_1_8' title='bbox 1141 577 1240 638; x_wconf 94' lang='lat' dir='ltr'><strong>lndica</strong></span> <span class='ocrx_word' id='word_1_9' title='bbox 1253 579 1483 680; x_wconf 52' lang='lat' dir='ltr'><strong>expeditione.</strong></span> 
     </span>
     <span class='ocr_line' id='line_1_3' title="bbox 312 679 1582 762; baseline -0.001 -21"><span class='ocrx_word' id='word_1_10' title='bbox 312 680 426 754; x_wconf 85' lang='lat' dir='ltr'>Quibus</span> <span class='ocrx_word' id='word_1_11' title='bbox 449 679 533 740; x_wconf 90' lang='lat' dir='ltr'><strong>velim</strong></span> <span class='ocrx_word' id='word_1_12' title='bbox 561 679 591 740; x_wconf 92' lang='lat' dir='ltr'><strong>in</strong></span> <span class='ocrx_word' id='word_1_13' title='bbox 609 691 738 742; x_wconf 82' lang='lat' dir='ltr'><strong>mentem</strong></span> <span class='ocrx_word' id='word_1_14' title='bbox 757 683 861 754; x_wconf 90' lang='lat' dir='ltr'><strong>veniat,</strong></span> <span class='ocrx_word' id='word_1_15' title='bbox 883 691 1026 762; x_wconf 90' lang='lat' dir='ltr'><strong>quantum</strong></span> <span class='ocrx_word' id='word_1_16' title='bbox 1040 681 1156 742; x_wconf 90' lang='lat' dir='ltr'><strong>studiia</strong></span> <span class='ocrx_word' id='word_1_17' title='bbox 1173 683 1316 742; x_wconf 91' lang='lat' dir='ltr'><strong>variarum</strong></span> <span class='ocrx_word' id='word_1_18' title='bbox 1342 683 1484 744; x_wconf 82' lang='lat' dir='ltr'><strong>doctri·</strong></span> <span class='ocrx_word' id='word_1_19' title='bbox 1581 679 1582 740; x_wconf 67' lang='grc' dir='ltr'>ζ</span> 
     </span>
     <span class='ocr_line' id='line_1_4' title="bbox 313 765 1582 864; baseline 0.001 -21"><span class='ocrx_word' id='word_1_20' title='bbox 313 801 418 844; x_wconf 89' lang='lat' dir='ltr'><strong>narum</strong></span> <span class='ocrx_word' id='word_1_21' title='bbox 442 783 560 844; x_wconf 91' lang='lat' dir='ltr'><strong>asseclis</strong></span> <span class='ocrx_word' id='word_1_22' title='bbox 585 783 614 843; x_wconf 93' lang='lat' dir='ltr'><strong>in</strong></span> <span class='ocrx_word' id='word_1_23' title='bbox 638 803 672 846; x_wconf 88' lang='lat' dir='ltr'><strong>eo</strong></span> <span class='ocrx_word' id='word_1_24' title='bbox 697 783 870 845; x_wconf 89' lang='lat' dir='ltr'><strong>collocatum</strong></span> <span class='ocrx_word' id='word_1_25' title='bbox 893 786 941 859; x_wconf 91' lang='lat' dir='ltr'><strong>sit,</strong></span> <span class='ocrx_word' id='word_1_26' title='bbox 964 794 998 846; x_wconf 93' lang='lat' dir='ltr'><strong>ut</strong></span> <span class='ocrx_word' id='word_1_27' title='bbox 1017 787 1255 846; x_wconf 86' lang='lat' dir='ltr'><strong>demonstrarent</strong></span> <span class='ocrx_word' id='word_1_28' title='bbox 1277 804 1351 864; x_wconf 90' lang='lat' dir='ltr'><strong>quos</strong></span> <span class='ocrx_word' id='word_1_29' title='bbox 1374 785 1481 864; x_wconf 84' lang='lat' dir='ltr'><strong>vulgi</strong></span> <span class='ocrx_word' id='word_1_30' title='bbox 1581 765 1582 818; x_wconf 50' lang='lat' dir='ltr'><strong>i</strong></span> 
     </span>
     <span class='ocr_line' id='line_1_5' title="bbox 315 886 1479 969; baseline 0.002 -21"><span class='ocrx_word' id='word_1_31' title='bbox 315 886 414 967; x_wconf 92' lang='lat' dir='ltr'><strong>opinio</strong></span> <span class='ocrx_word' id='word_1_32' title='bbox 446 905 500 967; x_wconf 93' lang='lat' dir='ltr'><strong>pro</strong></span> <span class='ocrx_word' id='word_1_33' title='bbox 532 886 577 947; x_wconf 94' lang='lat' dir='ltr'><strong>dis</strong></span> <span class='ocrx_word' id='word_1_34' title='bbox 608 886 743 960; x_wconf 90' lang='lat' dir='ltr'><strong>haberet,</strong></span> <span class='ocrx_word' id='word_1_35' title='bbox 773 887 909 949; x_wconf 91' lang='lat' dir='ltr'><strong>homines</strong></span> <span class='ocrx_word' id='word_1_36' title='bbox 939 886 1031 948; x_wconf 87' lang='lat' dir='ltr'><strong>luisse</strong></span> <span class='ocrx_word' id='word_1_37' title='bbox 1058 887 1109 968; x_wconf 90' lang='lat' dir='ltr'><strong>qui</strong></span> <span class='ocrx_word' id='word_1_38' title='bbox 1136 889 1212 968; x_wconf 89' lang='lat' dir='ltr'><strong>apud</strong></span> <span class='ocrx_word' id='word_1_39' title='bbox 1241 897 1377 969; x_wconf 89' lang='lat' dir='ltr'><strong>posteros</strong></span> <span class='ocrx_word' id='word_1_40' title='bbox 1416 889 1479 950; x_wconf 91' lang='lat' dir='ltr'><strong>di-</strong></span> 
     </span>
     <span class='ocr_line' id='line_1_6' title="bbox 314 990 1582 1094; baseline 0.004 -44"><span class='ocrx_word' id='word_1_41' title='bbox 314 990 416 1051; x_wconf 89' lang='lat' dir='ltr'><strong>vinum</strong></span> <span class='ocrx_word' id='word_1_42' title='bbox 439 990 583 1050; x_wconf 85' lang='lat' dir='ltr'><strong>honorem</strong></span> <span class='ocrx_word' id='word_1_43' title='bbox 607 990 684 1052; x_wconf 87' lang='lat' dir='ltr'><strong>nacti</strong></span> <span class='ocrx_word' id='word_1_44' title='bbox 708 998 815 1052; x_wconf 88' lang='lat' dir='ltr'><strong>essent.</strong></span> <span class='ocrx_word' id='word_1_45' title='bbox 870 993 913 1070; x_wconf 84' lang='lat' dir='ltr'><strong>hd</strong></span> <span class='ocrx_word' id='word_1_46' title='bbox 944 1008 1032 1070; x_wconf 89' lang='lat' dir='ltr'><strong>quam</strong></span> <span class='ocrx_word' id='word_1_47' title='bbox 1066 991 1243 1054; x_wconf 83' lang='lat' dir='ltr'><strong>sententiam</strong></span> <span class='ocrx_word' id='word_1_48' title='bbox 1276 993 1480 1054; x_wconf 84' lang='lat' dir='ltr'><strong>firmandam</strong></span> <span class='ocrx_word' id='word_1_49' title='bbox 1581 1029 1582 1094; x_wconf 68' lang='lat'><strong>,</strong></span> 
     </span>
    </p>
   </div>
   <div class='ocr_carea' id='block_1_3' title="bbox 314 1092 1582 1486">
    <p class='ocr_par' dir='ltr' id='par_1_3' title="bbox 314 1092 1582 1486">
     <span class='ocr_line' id='line_1_7' title="bbox 314 1092 1582 1176; baseline 0.002 -21"><span class='ocrx_word' id='word_1_50' title='bbox 314 1093 488 1173; x_wconf 90' lang='lat' dir='ltr'><strong>saepissime</strong></span> <span class='ocrx_word' id='word_1_51' title='bbox 509 1092 614 1153; x_wconf 86' lang='lat' dir='ltr'><strong>Bacchi</strong></span> <span class='ocrx_word' id='word_1_52' title='bbox 644 1101 672 1154; x_wconf 90' lang='lat' dir='ltr'><strong>et</strong></span> <span class='ocrx_word' id='word_1_53' title='bbox 694 1095 807 1157; x_wconf 80' lang='lat' dir='ltr'><strong>Cereris</strong></span> <span class='ocrx_word' id='word_1_54' title='bbox 830 1094 961 1174; x_wconf 91' lang='lat' dir='ltr'><strong>exempla</strong></span> <span class='ocrx_word' id='word_1_55' title='bbox 990 1094 1195 1158; x_wconf 87' lang='lat' dir='ltr'><strong>adsciscuntur</strong></span> <span class='ocrx_word' id='word_1_56' title='bbox 1216 1104 1339 1176; x_wconf 87' lang='lat' dir='ltr'><strong>propter</strong></span> <span class='ocrx_word' id='word_1_57' title='bbox 1360 1097 1479 1158; x_wconf 87' lang='lat' dir='ltr'><strong>bene·</strong></span> <span class='ocrx_word' id='word_1_58' title='bbox 1581 1097 1582 1174; x_wconf 63' lang='lat' dir='ltr'><strong>l</strong></span> 
     </span>
     <span class='ocr_line' id='line_1_8' title="bbox 314 1187 1582 1278; baseline 0.003 -21"><span class='ocrx_word' id='word_1_59' title='bbox 314 1197 386 1270; x_wconf 83' lang='lat' dir='ltr'><strong>ficia,</strong></span> <span class='ocrx_word' id='word_1_60' title='bbox 402 1196 510 1276; x_wconf 92' lang='lat' dir='ltr'><strong>quibus</strong></span> <span class='ocrx_word' id='word_1_61' title='bbox 526 1197 614 1258; x_wconf 88' lang='lat' dir='ltr'><strong>vitam</strong></span> <span class='ocrx_word' id='word_1_62' title='bbox 631 1197 790 1259; x_wconf 90' lang='lat' dir='ltr'><strong>humanam</strong></span> <span class='ocrx_word' id='word_1_63' title='bbox 807 1197 961 1260; x_wconf 90' lang='lat' dir='ltr'><strong>cultiorem</strong></span> <span class='ocrx_word' id='word_1_64' title='bbox 977 1197 1231 1278; x_wconf 56' lang='lat' dir='ltr'><strong>reddidissentw).</strong></span> <span class='ocrx_word' id='word_1_65' title='bbox 1266 1199 1328 1260; x_wconf 85' lang='lat' dir='ltr'><strong>Tali</strong></span> <span class='ocrx_word' id='word_1_66' title='bbox 1344 1201 1479 1261; x_wconf 88' lang='lat' dir='ltr'><strong>doctri·</strong></span> <span class='ocrx_word' id='word_1_67' title='bbox 1581 1187 1582 1214; x_wconf 53' lang='lat'>*</span> 
     </span>
     <span class='ocr_line' id='line_1_9' title="bbox 315 1300 1582 1382; baseline 0.002 -20"><span class='ocrx_word' id='word_1_68' title='bbox 315 1320 370 1362; x_wconf 91' lang='lat' dir='ltr'><strong>nae</strong></span> <span class='ocrx_word' id='word_1_69' title='bbox 383 1300 456 1361; x_wconf 93' lang='lat' dir='ltr'><strong>nihil</strong></span> <span class='ocrx_word' id='word_1_70' title='bbox 468 1308 541 1380; x_wconf 91' lang='lat' dir='ltr'><strong>puto</strong></span> <span class='ocrx_word' id='word_1_71' title='bbox 554 1301 686 1380; x_wconf 88' lang='lat' dir='ltr'><strong>potuisse</strong></span> <span class='ocrx_word' id='word_1_72' title='bbox 705 1302 800 1382; x_wconf 89' lang='lat' dir='ltr'><strong>aptius</strong></span> <span class='ocrx_word' id='word_1_73' title='bbox 815 1319 970 1364; x_wconf 88' lang='lat' dir='ltr'><strong>occurrere</strong></span> <span class='ocrx_word' id='word_1_74' title='bbox 982 1321 1071 1381; x_wconf 91' lang='lat' dir='ltr'><strong>quam</strong></span> <span class='ocrx_word' id='word_1_75' title='bbox 1083 1302 1213 1364; x_wconf 87' lang='lat' dir='ltr'><strong>Indicam</strong></span> <span class='ocrx_word' id='word_1_76' title='bbox 1227 1302 1477 1382; x_wconf 84' lang='lat' dir='ltr'><strong>expeditionem,</strong></span> <span class='ocrx_word' id='word_1_77' title='bbox 1581 1325 1582 1332; x_wconf 49' lang='lat'>¹</span> 
     </span>
     <span class='ocr_line' id='line_1_10' title="bbox 317 1395 1582 1486; baseline 0.001 -20"><span class='ocrx_word' id='word_1_78' title='bbox 317 1405 426 1485; x_wconf 92' lang='lat' dir='ltr'><strong>quippe</strong></span> <span class='ocrx_word' id='word_1_79' title='bbox 449 1422 523 1483; x_wconf 89' lang='lat' dir='ltr'><strong>quae</strong></span> <span class='ocrx_word' id='word_1_80' title='bbox 547 1423 581 1464; x_wconf 88' lang='lat' dir='ltr'><strong>ex</strong></span> <span class='ocrx_word' id='word_1_81' title='bbox 598 1405 752 1466; x_wconf 81' lang='lat' dir='ltr'><strong>Alexandri</strong></span> <span class='ocrx_word' id='word_1_82' title='bbox 776 1407 910 1486; x_wconf 86' lang='lat' dir='ltr'><strong>exemplo</strong></span> <span class='ocrx_word' id='word_1_83' title='bbox 935 1406 999 1466; x_wconf 86' lang='lat' dir='ltr'><strong>licta</strong></span> <span class='ocrx_word' id='word_1_84' title='bbox 1017 1423 1138 1485; x_wconf 90' lang='lat' dir='ltr'><strong>prorsus</strong></span> <span class='ocrx_word' id='word_1_85' title='bbox 1161 1415 1194 1467; x_wconf 94' lang='lat' dir='ltr'><strong>ut</strong></span> <span class='ocrx_word' id='word_1_86' title='bbox 1210 1405 1372 1467; x_wconf 92' lang='lat' dir='ltr'><strong>humanum</strong></span> <span class='ocrx_word' id='word_1_87' title='bbox 1397 1407 1478 1467; x_wconf 91' lang='lat' dir='ltr'><strong>im-</strong></span> <span class='ocrx_word' id='word_1_88' title='bbox 1581 1395 1582 1420; x_wconf 72' lang='lat'>³</span> 
     </span>
    </p>
   </div>
   <div class='ocr_carea' id='block_1_4' title="bbox 315 1509 1476 4600">
    <p class='ocr_par' dir='ltr' id='par_1_4' title="bbox 315 1509 1476 2316">
     <span class='ocr_line' id='line_1_11' title="bbox 315 1509 1476 1589; baseline 0.003 -21"><span class='ocrx_word' id='word_1_89' title='bbox 315 1516 483 1588; x_wconf 91' lang='lat' dir='ltr'><strong>peratorem</strong></span> <span class='ocrx_word' id='word_1_90' title='bbox 505 1509 594 1570; x_wconf 92' lang='lat' dir='ltr'><strong>deum</strong></span> <span class='ocrx_word' id='word_1_91' title='bbox 614 1509 776 1572; x_wconf 82' lang='lat' dir='ltr'><strong>induceret.</strong></span> <span class='ocrx_word' id='word_1_92' title='bbox 814 1509 857 1570; x_wconf 92' lang='lat' dir='ltr'><strong>Ne</strong></span> <span class='ocrx_word' id='word_1_93' title='bbox 873 1517 969 1570; x_wconf 90' lang='lat' dir='ltr'><strong>autem</strong></span> <span class='ocrx_word' id='word_1_94' title='bbox 995 1509 1066 1570; x_wconf 90' lang='lat' dir='ltr'><strong>mihi</strong></span> <span class='ocrx_word' id='word_1_95' title='bbox 1089 1509 1206 1583; x_wconf 90' lang='lat' dir='ltr'><strong>obicias,</strong></span> <span class='ocrx_word' id='word_1_96' title='bbox 1219 1509 1276 1570; x_wconf 89' lang='lat' dir='ltr'><strong>iam</strong></span> <span class='ocrx_word' id='word_1_97' title='bbox 1293 1509 1476 1589; x_wconf 87' lang='lat' dir='ltr'><strong>antiquitus</strong></span> 
     </span>
     <span class='ocr_line' id='line_1_12' title="bbox 315 1612 1474 1693; baseline 0 -19"><span class='ocrx_word' id='word_1_98' title='bbox 315 1615 348 1676; x_wconf 94' lang='lat' dir='ltr'><strong>in</strong></span> <span class='ocrx_word' id='word_1_99' title='bbox 370 1613 474 1674; x_wconf 76' lang='lat' dir='ltr'><strong>bacchi</strong></span> <span class='ocrx_word' id='word_1_100' title='bbox 501 1631 629 1693; x_wconf 89' lang='lat' dir='ltr'><strong>persona</strong></span> <span class='ocrx_word' id='word_1_101' title='bbox 652 1613 831 1692; x_wconf 91' lang='lat' dir='ltr'><strong>permultum</strong></span> <span class='ocrx_word' id='word_1_102' title='bbox 865 1612 989 1674; x_wconf 86' lang='lat' dir='ltr'><strong>infuisse</strong></span> <span class='ocrx_word' id='word_1_103' title='bbox 1021 1613 1100 1691; x_wconf 90' lang='lat' dir='ltr'><strong>quod</strong></span> <span class='ocrx_word' id='word_1_104' title='bbox 1133 1613 1293 1674; x_wconf 92' lang='lat' dir='ltr'><strong>humanam</strong></span> <span class='ocrx_word' id='word_1_105' title='bbox 1326 1615 1474 1676; x_wconf 84' lang='lat' dir='ltr'><strong>indolem</strong></span> 
     </span>
     <span class='ocr_line' id='line_1_13' title="bbox 317 1716 1473 1797; baseline 0.001 -20"><span class='ocrx_word' id='word_1_106' title='bbox 317 1716 409 1795; x_wconf 84' lang='lat' dir='ltr'><strong>magis</strong></span> <span class='ocrx_word' id='word_1_107' title='bbox 454 1735 542 1796; x_wconf 90' lang='lat' dir='ltr'><strong>quam</strong></span> <span class='ocrx_word' id='word_1_108' title='bbox 587 1716 714 1777; x_wconf 89' lang='lat' dir='ltr'><strong>divinam</strong></span> <span class='ocrx_word' id='word_1_109' title='bbox 759 1725 890 1797; x_wconf 84' lang='lat' dir='ltr'><strong>saperet,</strong></span> <span class='ocrx_word' id='word_1_110' title='bbox 934 1716 1071 1777; x_wconf 91' lang='lat' dir='ltr'><strong>similiter</strong></span> <span class='ocrx_word' id='word_1_111' title='bbox 1114 1723 1201 1796; x_wconf 89' lang='lat' dir='ltr'><strong>atque</strong></span> <span class='ocrx_word' id='word_1_112' title='bbox 1239 1717 1270 1777; x_wconf 93' lang='lat' dir='ltr'><strong>in</strong></span> <span class='ocrx_word' id='word_1_113' title='bbox 1312 1717 1473 1791; x_wconf 79' lang='lat' dir='ltr'><strong>herculis,</strong></span> 
     </span>
     <span class='ocr_line' id='line_1_14' title="bbox 317 1819 1473 1902; baseline 0.003 -22"><span class='ocrx_word' id='word_1_114' title='bbox 317 1819 404 1880; x_wconf 88' lang='lat' dir='ltr'><strong>velim</strong></span> <span class='ocrx_word' id='word_1_115' title='bbox 427 1820 499 1880; x_wconf 92' lang='lat' dir='ltr'><strong>haec</strong></span> <span class='ocrx_word' id='word_1_116' title='bbox 525 1819 673 1900; x_wconf 90' lang='lat' dir='ltr'><strong>respicias,</strong></span> <span class='ocrx_word' id='word_1_117' title='bbox 698 1821 774 1881; x_wconf 92' lang='lat' dir='ltr'><strong>aliud</strong></span> <span class='ocrx_word' id='word_1_118' title='bbox 798 1839 864 1881; x_wconf 89' lang='lat' dir='ltr'><strong>esse</strong></span> <span class='ocrx_word' id='word_1_119' title='bbox 887 1820 974 1881; x_wconf 92' lang='lat' dir='ltr'><strong>deum</strong></span> <span class='ocrx_word' id='word_1_120' title='bbox 1003 1819 1034 1880; x_wconf 94' lang='lat' dir='ltr'><strong>in</strong></span> <span class='ocrx_word' id='word_1_121' title='bbox 1056 1819 1175 1900; x_wconf 88' lang='lat' dir='ltr'><strong>antiqua</strong></span> <span class='ocrx_word' id='word_1_122' title='bbox 1197 1821 1375 1902; x_wconf 83' lang='lat' dir='ltr'><strong>mythologia</strong></span> <span class='ocrx_word' id='word_1_123' title='bbox 1398 1823 1473 1884; x_wconf 93' lang='lat' dir='ltr'><strong>hu-</strong></span> 
     </span>
     <span class='ocr_line' id='line_1_15' title="bbox 318 1923 1472 2008; baseline 0.003 -24"><span class='ocrx_word' id='word_1_124' title='bbox 318 1941 419 1984; x_wconf 91' lang='lat' dir='ltr'><strong>manas</strong></span> <span class='ocrx_word' id='word_1_125' title='bbox 441 1932 539 2004; x_wconf 91' lang='lat' dir='ltr'><strong>partes</strong></span> <span class='ocrx_word' id='word_1_126' title='bbox 561 1941 664 2002; x_wconf 83' lang='lat' dir='ltr'><strong>agere,</strong></span> <span class='ocrx_word' id='word_1_127' title='bbox 698 1923 775 1984; x_wconf 85' lang='lat' dir='ltr'><strong>aliud</strong></span> <span class='ocrx_word' id='word_1_128' title='bbox 797 1923 874 1984; x_wconf 92' lang='lat' dir='ltr'><strong>hanc</strong></span> <span class='ocrx_word' id='word_1_129' title='bbox 896 1923 1124 2003; x_wconf 89' lang='lat' dir='ltr'><strong>discrepantiam</strong></span> <span class='ocrx_word' id='word_1_130' title='bbox 1149 1926 1264 2004; x_wconf 81' lang='lat' dir='ltr'><strong>urgeri,</strong></span> <span class='ocrx_word' id='word_1_131' title='bbox 1301 1943 1368 1988; x_wconf 89' lang='lat' dir='ltr'><strong>nam</strong></span> <span class='ocrx_word' id='word_1_132' title='bbox 1391 1928 1472 2008; x_wconf 88' lang='lat' dir='ltr'><strong>piae</strong></span> 
     </span>
     <span class='ocr_line' id='line_1_16' title="bbox 318 2025 1470 2108; baseline 0.002 -19"><span class='ocrx_word' id='word_1_133' title='bbox 318 2027 422 2090; x_wconf 90' lang='lat' dir='ltr'><strong>aetatis</strong></span> <span class='ocrx_word' id='word_1_134' title='bbox 445 2025 617 2107; x_wconf 88' lang='lat' dir='ltr'><strong>simplicitas</strong></span> <span class='ocrx_word' id='word_1_135' title='bbox 639 2044 701 2088; x_wconf 93' lang='lat' dir='ltr'><strong>non</strong></span> <span class='ocrx_word' id='word_1_136' title='bbox 728 2026 886 2088; x_wconf 87' lang='lat' dir='ltr'><strong>ollenditur</strong></span> <span class='ocrx_word' id='word_1_137' title='bbox 912 2027 1000 2088; x_wconf 89' lang='lat' dir='ltr'><strong>rebus</strong></span> <span class='ocrx_word' id='word_1_138' title='bbox 1034 2043 1108 2106; x_wconf 89' lang='lat' dir='ltr'><strong>quae</strong></span> <span class='ocrx_word' id='word_1_139' title='bbox 1131 2030 1308 2108; x_wconf 86' lang='lat' dir='ltr'><strong>posteritatis</strong></span> <span class='ocrx_word' id='word_1_140' title='bbox 1332 2031 1470 2092; x_wconf 92' lang='lat' dir='ltr'><strong>acumini</strong></span> 
     </span>
     <span class='ocr_line' id='line_1_17' title="bbox 319 2125 1470 2212; baseline 0.001 -19"><span class='ocrx_word' id='word_1_141' title='bbox 319 2141 408 2212; x_wconf 89' lang='lat' dir='ltr'><strong>atque</strong></span> <span class='ocrx_word' id='word_1_142' title='bbox 451 2130 570 2210; x_wconf 81' lang='lat' dir='ltr'><strong>ingenio</strong></span> <span class='ocrx_word' id='word_1_143' title='bbox 615 2130 814 2210; x_wconf 89' lang='lat' dir='ltr'><strong>sophistarum</strong></span> <span class='ocrx_word' id='word_1_144' title='bbox 861 2131 1165 2212; x_wconf 87' lang='lat' dir='ltr'><strong>philosophorumque</strong></span> <span class='ocrx_word' id='word_1_145' title='bbox 1201 2125 1307 2194; x_wconf 88' lang='lat' dir='ltr'><strong>studiis</strong></span> <span class='ocrx_word' id='word_1_146' title='bbox 1344 2133 1470 2195; x_wconf 89' lang='lat' dir='ltr'><strong>erudito</strong></span> 
     </span>
     <span class='ocr_line' id='line_1_18' title="bbox 319 2233 1303 2316; baseline -0.002 -18"><span class='ocrx_word' id='word_1_147' title='bbox 319 2255 421 2298; x_wconf 91' lang='lat' dir='ltr'><strong>ansam</strong></span> <span class='ocrx_word' id='word_1_148' title='bbox 444 2233 589 2315; x_wconf 91' lang='lat' dir='ltr'><strong>praebent</strong></span> <span class='ocrx_word' id='word_1_149' title='bbox 610 2251 701 2294; x_wconf 91' lang='lat' dir='ltr'><strong>novas</strong></span> <span class='ocrx_word' id='word_1_150' title='bbox 724 2234 874 2296; x_wconf 86' lang='lat' dir='ltr'><strong>doctrinas</strong></span> <span class='ocrx_word' id='word_1_151' title='bbox 897 2234 1089 2313; x_wconf 83' lang='lat' dir='ltr'><strong>excogitandi.</strong></span> <span class='ocrx_word' id='word_1_152' title='bbox 1300 2310 1303 2316; x_wconf 24' lang='grc'>1</span> 
     </span>
    </p>

    <p class='ocr_par' dir='ltr' id='par_1_5' title="bbox 319 2337 1469 2828">
     <span class='ocr_line' id='line_1_19' title="bbox 404 2337 1469 2420; baseline 0.002 -21"><span class='ocrx_word' id='word_1_153' title='bbox 404 2337 487 2418; x_wconf 85' lang='lat' dir='ltr'><strong>Opus</strong></span> <span class='ocrx_word' id='word_1_154' title='bbox 510 2346 574 2399; x_wconf 87' lang='lat' dir='ltr'><strong>erat</strong></span> <span class='ocrx_word' id='word_1_155' title='bbox 606 2337 684 2398; x_wconf 93' lang='lat' dir='ltr'><strong>banc</strong></span> <span class='ocrx_word' id='word_1_156' title='bbox 713 2355 809 2398; x_wconf 90' lang='lat' dir='ltr'><strong>meam</strong></span> <span class='ocrx_word' id='word_1_157' title='bbox 839 2337 1008 2418; x_wconf 89' lang='lat' dir='ltr'><strong>opinionem</strong></span> <span class='ocrx_word' id='word_1_158' title='bbox 1039 2339 1149 2401; x_wconf 92' lang='lat' dir='ltr'><strong>sinon</strong></span> <span class='ocrx_word' id='word_1_159' title='bbox 1182 2340 1308 2420; x_wconf 90' lang='lat' dir='ltr'><strong>probare</strong></span> <span class='ocrx_word' id='word_1_160' title='bbox 1330 2348 1359 2401; x_wconf 89' lang='lat' dir='ltr'><strong>at</strong></span> <span class='ocrx_word' id='word_1_161' title='bbox 1381 2349 1469 2402; x_wconf 87' lang='lat' dir='ltr'><strong>certe</strong></span> 
     </span>
     <span class='ocr_line' id='line_1_20' title="bbox 319 2441 1467 2530; baseline 0 -25"><span class='ocrx_word' id='word_1_162' title='bbox 319 2441 525 2525; x_wconf 90' lang='lat' dir='ltr'><strong>paullolatius</strong></span> <span class='ocrx_word' id='word_1_163' title='bbox 549 2458 705 2522; x_wconf 86' lang='lat' dir='ltr'><strong>exponere,</strong></span> <span class='ocrx_word' id='word_1_164' title='bbox 733 2441 812 2522; x_wconf 92' lang='lat' dir='ltr'><strong>quod</strong></span> <span class='ocrx_word' id='word_1_165' title='bbox 836 2441 914 2502; x_wconf 90' lang='lat' dir='ltr'><strong>inter</strong></span> <span class='ocrx_word' id='word_1_166' title='bbox 938 2441 1070 2504; x_wconf 90' lang='lat' dir='ltr'><strong>rationes</strong></span> <span class='ocrx_word' id='word_1_167' title='bbox 1093 2450 1137 2504; x_wconf 89' lang='lat' dir='ltr'><strong>est</strong></span> <span class='ocrx_word' id='word_1_168' title='bbox 1159 2443 1266 2530; x_wconf 83' lang='lat' dir='ltr'><strong>quibus</strong></span> <span class='ocrx_word' id='word_1_169' title='bbox 1293 2454 1467 2505; x_wconf 90' lang='lat' dir='ltr'><strong>commotus</strong></span> 
     </span>
     <span class='ocr_line' id='line_1_21' title="bbox 321 2543 1467 2628; baseline 0.001 -20"><span class='ocrx_word' id='word_1_170' title='bbox 321 2547 484 2609; x_wconf 89' lang='lat' dir='ltr'><strong>Nonnum</strong></span> <span class='ocrx_word' id='word_1_171' title='bbox 496 2563 618 2626; x_wconf 91' lang='lat' dir='ltr'><strong>prorsus</strong></span> <span class='ocrx_word' id='word_1_172' title='bbox 631 2565 646 2606; x_wconf 93' lang='lat' dir='ltr'><strong>a</strong></span> <span class='ocrx_word' id='word_1_173' title='bbox 661 2543 757 2624; x_wconf 87' lang='lat' dir='ltr'><strong>prima</strong></span> <span class='ocrx_word' id='word_1_174' title='bbox 769 2545 882 2606; x_wconf 81' lang='lat' dir='ltr'><strong>fabulae</strong></span> <span class='ocrx_word' id='word_1_175' title='bbox 897 2545 993 2606; x_wconf 86' lang='lat' dir='ltr'><strong>forma</strong></span> <span class='ocrx_word' id='word_1_176' title='bbox 1009 2546 1226 2626; x_wconf 85' lang='lat' dir='ltr'><strong>seiungendum</strong></span> <span class='ocrx_word' id='word_1_177' title='bbox 1249 2547 1333 2619; x_wconf 94' lang='lat' dir='ltr'><strong>duco,</strong></span> <span class='ocrx_word' id='word_1_178' title='bbox 1357 2556 1467 2628; x_wconf 90' lang='lat' dir='ltr'><strong>utpote</strong></span> 
     </span>
     <span class='ocr_line' id='line_1_22' title="bbox 319 2648 1465 2733; baseline 0.001 -21"><span class='ocrx_word' id='word_1_179' title='bbox 319 2651 449 2714; x_wconf 82' lang='lat' dir='ltr'><strong>fabulam</strong></span> <span class='ocrx_word' id='word_1_180' title='bbox 482 2660 619 2712; x_wconf 89' lang='lat' dir='ltr'><strong>secutum</strong></span> <span class='ocrx_word' id='word_1_181' title='bbox 653 2667 727 2730; x_wconf 91' lang='lat' dir='ltr'><strong>quae</strong></span> <span class='ocrx_word' id='word_1_182' title='bbox 765 2649 889 2710; x_wconf 88' lang='lat' dir='ltr'><strong>duarum</strong></span> <span class='ocrx_word' id='word_1_183' title='bbox 926 2648 1052 2723; x_wconf 91' lang='lat' dir='ltr'><strong>illarum,</strong></span> <span class='ocrx_word' id='word_1_184' title='bbox 1097 2669 1169 2730; x_wconf 89' lang='lat' dir='ltr'><strong>quas</strong></span> <span class='ocrx_word' id='word_1_185' title='bbox 1206 2651 1336 2713; x_wconf 89' lang='lat' dir='ltr'><strong>extitisse</strong></span> <span class='ocrx_word' id='word_1_186' title='bbox 1374 2671 1465 2733; x_wconf 92' lang='lat' dir='ltr'><strong>supra</strong></span> 
     </span>
     <span class='ocr_line' id='line_1_23' title="bbox 321 2753 604 2828; baseline -0.011 -11"><span class='ocrx_word' id='word_1_187' title='bbox 321 2755 390 2828; x_wconf 91' lang='lat' dir='ltr'><strong>dixi,</strong></span> <span class='ocrx_word' id='word_1_188' title='bbox 414 2762 460 2814; x_wconf 90' lang='lat' dir='ltr'><strong>est</strong></span> <span class='ocrx_word' id='word_1_189' title='bbox 480 2753 604 2814; x_wconf 86' lang='lat' dir='ltr'><strong>altera.</strong></span> 
     </span>
    </p>

    <p class='ocr_par' dir='ltr' id='par_1_6' title="bbox 315 2855 1467 4392">
     <span class='ocr_line' id='line_1_24' title="bbox 406 2855 1467 2937; baseline 0.001 -19"><span class='ocrx_word' id='word_1_190' title='bbox 406 2856 540 2920; x_wconf 89' lang='lat' dir='ltr'><strong>Primum</strong></span> <span class='ocrx_word' id='word_1_191' title='bbox 575 2856 700 2918; x_wconf 90' lang='lat' dir='ltr'><strong>Nonnus</strong></span> <span class='ocrx_word' id='word_1_192' title='bbox 733 2855 763 2916; x_wconf 94' lang='lat' dir='ltr'><strong>in</strong></span> <span class='ocrx_word' id='word_1_193' title='bbox 791 2856 845 2918; x_wconf 90' lang='lat' dir='ltr'><strong>hac</strong></span> <span class='ocrx_word' id='word_1_194' title='bbox 875 2873 908 2916; x_wconf 90' lang='lat' dir='ltr'><strong>re</strong></span> <span class='ocrx_word' id='word_1_195' title='bbox 930 2875 945 2918; x_wconf 93' lang='lat' dir='ltr'><strong>a</strong></span> <span class='ocrx_word' id='word_1_196' title='bbox 968 2857 1063 2916; x_wconf 88' lang='lat' dir='ltr'><strong>forma</strong></span> <span class='ocrx_word' id='word_1_197' title='bbox 1097 2855 1210 2918; x_wconf 86' lang='lat' dir='ltr'><strong>fabulae</strong></span> <span class='ocrx_word' id='word_1_198' title='bbox 1236 2876 1312 2937; x_wconf 88' lang='lat' dir='ltr'><strong>quae</strong></span> <span class='ocrx_word' id='word_1_199' title='bbox 1335 2863 1365 2918; x_wconf 88' lang='lat' dir='ltr'><strong>et</strong></span> <span class='ocrx_word' id='word_1_200' title='bbox 1385 2857 1467 2919; x_wconf 91' lang='lat' dir='ltr'><strong>inter</strong></span> 
     </span>
     <span class='ocr_line' id='line_1_25' title="bbox 322 2959 1467 3042; baseline 0 -18"><span class='ocrx_word' id='word_1_201' title='bbox 322 2961 495 3024; x_wconf 89' lang='lat' dir='ltr'><strong>llaoedones</strong></span> <span class='ocrx_word' id='word_1_202' title='bbox 518 2967 547 3022; x_wconf 93' lang='lat' dir='ltr'><strong>et</strong></span> <span class='ocrx_word' id='word_1_203' title='bbox 559 2959 749 3022; x_wconf 84' lang='lat' dir='ltr'><strong>Alexandriae</strong></span> <span class='ocrx_word' id='word_1_204' title='bbox 772 2959 898 3040; x_wconf 83' lang='lat' dir='ltr'><strong>vulgaris</strong></span> <span class='ocrx_word' id='word_1_205' title='bbox 922 2967 985 3021; x_wconf 90' lang='lat' dir='ltr'><strong>erat</strong></span> <span class='ocrx_word' id='word_1_206' title='bbox 1000 2960 1088 3038; x_wconf 83' lang='lat' dir='ltr'><strong>longe</strong></span> <span class='ocrx_word' id='word_1_207' title='bbox 1104 2959 1238 3034; x_wconf 89' lang='lat' dir='ltr'><strong>discedit,</strong></span> <span class='ocrx_word' id='word_1_208' title='bbox 1261 2962 1340 3042; x_wconf 91' lang='lat' dir='ltr'><strong>quod</strong></span> <span class='ocrx_word' id='word_1_209' title='bbox 1363 2962 1394 3022; x_wconf 93' lang='lat' dir='ltr'><strong>in</strong></span> <span class='ocrx_word' id='word_1_210' title='bbox 1410 2962 1467 3024; x_wconf 93' lang='lat' dir='ltr'><strong>hac</strong></span> 
     </span>
     <span class='ocr_line' id='line_1_26' title="bbox 321 3063 1465 3146; baseline 0.001 -19"><span class='ocrx_word' id='word_1_211' title='bbox 321 3066 453 3128; x_wconf 90' lang='lat' dir='ltr'><strong>Bacchus</strong></span> <span class='ocrx_word' id='word_1_212' title='bbox 476 3082 537 3126; x_wconf 90' lang='lat' dir='ltr'><strong>non</strong></span> <span class='ocrx_word' id='word_1_213' title='bbox 560 3072 606 3126; x_wconf 90' lang='lat' dir='ltr'><strong>est</strong></span> <span class='ocrx_word' id='word_1_214' title='bbox 618 3066 700 3138; x_wconf 89' lang='lat' dir='ltr'><strong>deus,</strong></span> <span class='ocrx_word' id='word_1_215' title='bbox 723 3063 770 3124; x_wconf 92' lang='lat' dir='ltr'><strong>vix</strong></span> <span class='ocrx_word' id='word_1_216' title='bbox 792 3065 889 3137; x_wconf 87' lang='lat' dir='ltr'><strong>heros,</strong></span> <span class='ocrx_word' id='word_1_217' title='bbox 914 3063 1006 3124; x_wconf 92' lang='lat' dir='ltr'><strong>immo</strong></span> <span class='ocrx_word' id='word_1_218' title='bbox 1022 3082 1115 3144; x_wconf 87' lang='lat' dir='ltr'><strong>paene</strong></span> <span class='ocrx_word' id='word_1_219' title='bbox 1130 3065 1231 3138; x_wconf 93' lang='lat' dir='ltr'><strong>homo,</strong></span> <span class='ocrx_word' id='word_1_220' title='bbox 1254 3065 1283 3127; x_wconf 92' lang='lat' dir='ltr'><strong>id</strong></span> <span class='ocrx_word' id='word_1_221' title='bbox 1300 3067 1378 3146; x_wconf 93' lang='lat' dir='ltr'><strong>quod</strong></span> <span class='ocrx_word' id='word_1_222' title='bbox 1395 3086 1465 3128; x_wconf 90' lang='lat' dir='ltr'><strong>cum</strong></span> 
     </span>
     <span class='ocr_line' id='line_1_27' title="bbox 322 3166 1466 3248; baseline 0 -17"><span class='ocrx_word' id='word_1_223' title='bbox 322 3169 437 3232; x_wconf 81' lang='lat' dir='ltr'><strong>fabulae</strong></span> <span class='ocrx_word' id='word_1_224' title='bbox 459 3167 571 3246; x_wconf 85' lang='lat' dir='ltr'><strong>origine</strong></span> <span class='ocrx_word' id='word_1_225' title='bbox 594 3167 742 3230; x_wconf 91' lang='lat' dir='ltr'><strong>artissime</strong></span> <span class='ocrx_word' id='word_1_226' title='bbox 764 3166 916 3244; x_wconf 81' lang='lat' dir='ltr'><strong>cohaeret3</strong></span> <span class='ocrx_word' id='word_1_227' title='bbox 939 3185 1008 3229; x_wconf 93' lang='lat' dir='ltr'><strong>nam</strong></span> <span class='ocrx_word' id='word_1_228' title='bbox 1031 3187 1097 3229; x_wconf 92' lang='lat' dir='ltr'><strong>cum</strong></span> <span class='ocrx_word' id='word_1_229' title='bbox 1121 3168 1176 3230; x_wconf 92' lang='lat' dir='ltr'><strong>deo</strong></span> <span class='ocrx_word' id='word_1_230' title='bbox 1192 3169 1242 3248; x_wconf 92' lang='lat' dir='ltr'><strong>qui</strong></span> <span class='ocrx_word' id='word_1_231' title='bbox 1265 3169 1375 3231; x_wconf 87' lang='lat' dir='ltr'><strong>viribus</strong></span> <span class='ocrx_word' id='word_1_232' title='bbox 1398 3179 1466 3231; x_wconf 91' lang='lat' dir='ltr'><strong>ute-</strong></span> 
     </span>
     <span class='ocr_line' id='line_1_28' title="bbox 323 3270 1467 3352; baseline 0.001 -18"><span class='ocrx_word' id='word_1_233' title='bbox 323 3281 406 3336; x_wconf 89' lang='lat' dir='ltr'><strong>retur</strong></span> <span class='ocrx_word' id='word_1_234' title='bbox 427 3273 588 3334; x_wconf 87' lang='lat' dir='ltr'><strong>humanam</strong></span> <span class='ocrx_word' id='word_1_235' title='bbox 611 3282 748 3335; x_wconf 88' lang='lat' dir='ltr'><strong>naturam</strong></span> <span class='ocrx_word' id='word_1_236' title='bbox 771 3270 981 3333; x_wconf 88' lang='lat' dir='ltr'><strong>excedentibus</strong></span> <span class='ocrx_word' id='word_1_237' title='bbox 997 3271 1194 3333; x_wconf 84' lang='lat' dir='ltr'><strong>Alexandrum</strong></span> <span class='ocrx_word' id='word_1_238' title='bbox 1218 3291 1388 3352; x_wconf 90' lang='lat' dir='ltr'><strong>comparare</strong></span> <span class='ocrx_word' id='word_1_239' title='bbox 1404 3292 1467 3335; x_wconf 92' lang='lat' dir='ltr'><strong>non</strong></span> 
     </span>
     <span class='ocr_line' id='line_1_29' title="bbox 325 3374 1466 3456; baseline -0.002 -16"><span class='ocrx_word' id='word_1_240' title='bbox 325 3378 451 3440; x_wconf 90' lang='lat' dir='ltr'><strong>multum</strong></span> <span class='ocrx_word' id='word_1_241' title='bbox 474 3377 623 3440; x_wconf 87' lang='lat' dir='ltr'><strong>valuisset.</strong></span> <span class='ocrx_word' id='word_1_242' title='bbox 667 3376 764 3438; x_wconf 88' lang='lat' dir='ltr'><strong>Etiam</strong></span> <span class='ocrx_word' id='word_1_243' title='bbox 786 3374 925 3437; x_wconf 90' lang='lat' dir='ltr'><strong>miracula</strong></span> <span class='ocrx_word' id='word_1_244' title='bbox 948 3392 1070 3455; x_wconf 92' lang='lat' dir='ltr'><strong>prorsus</strong></span> <span class='ocrx_word' id='word_1_245' title='bbox 1093 3376 1215 3452; x_wconf 83' lang='lat' dir='ltr'><strong>desunt3</strong></span> <span class='ocrx_word' id='word_1_246' title='bbox 1249 3376 1277 3437; x_wconf 92' lang='lat' dir='ltr'><strong>id</strong></span> <span class='ocrx_word' id='word_1_247' title='bbox 1301 3377 1380 3456; x_wconf 90' lang='lat' dir='ltr'><strong>qnod</strong></span> <span class='ocrx_word' id='word_1_248' title='bbox 1403 3393 1466 3438; x_wconf 92' lang='lat' dir='ltr'><strong>non</strong></span> 
     </span>
     <span class='ocr_line' id='line_1_30' title="bbox 315 3478 1467 3562; baseline -0.001 -20"><span class='ocrx_word' id='word_1_249' title='bbox 315 3481 408 3550; x_wconf 59' lang='lat' dir='ltr'><strong>,aliter</strong></span> <span class='ocrx_word' id='word_1_250' title='bbox 430 3499 463 3542; x_wconf 88' lang='lat' dir='ltr'><strong>se</strong></span> <span class='ocrx_word' id='word_1_251' title='bbox 495 3479 604 3542; x_wconf 88' lang='lat' dir='ltr'><strong>habere</strong></span> <span class='ocrx_word' id='word_1_252' title='bbox 636 3479 746 3562; x_wconf 90' lang='lat' dir='ltr'><strong>potuit,</strong></span> <span class='ocrx_word' id='word_1_253' title='bbox 780 3496 847 3540; x_wconf 92' lang='lat' dir='ltr'><strong>nam</strong></span> <span class='ocrx_word' id='word_1_254' title='bbox 871 3478 926 3541; x_wconf 91' lang='lat' dir='ltr'><strong>deo</strong></span> <span class='ocrx_word' id='word_1_255' title='bbox 960 3478 1007 3541; x_wconf 89' lang='lat' dir='ltr'><strong>oui</strong></span> <span class='ocrx_word' id='word_1_256' title='bbox 1030 3478 1208 3544; x_wconf 63' lang='lat' dir='ltr'><strong>caelestibus,</strong></span> <span class='ocrx_word' id='word_1_257' title='bbox 1233 3479 1467 3560; x_wconf 84' lang='lat' dir='ltr'><strong>prodigiosisque</strong></span> 
     </span>
     <span class='ocr_line' id='line_1_31' title="bbox 324 3576 1465 3663; baseline -0.001 -16"><span class='ocrx_word' id='word_1_258' title='bbox 324 3585 368 3647; x_wconf 92' lang='lat' dir='ltr'><strong>uti</strong></span> <span class='ocrx_word' id='word_1_259' title='bbox 390 3584 492 3647; x_wconf 87' lang='lat' dir='ltr'><strong>liceret</strong></span> <span class='ocrx_word' id='word_1_260' title='bbox 513 3583 603 3646; x_wconf 93' lang='lat' dir='ltr'><strong>armis</strong></span> <span class='ocrx_word' id='word_1_261' title='bbox 625 3600 685 3644; x_wconf 93' lang='lat' dir='ltr'><strong>non</strong></span> <span class='ocrx_word' id='word_1_262' title='bbox 707 3599 872 3663; x_wconf 85' lang='lat' dir='ltr'><strong>pugnare</strong></span> <span class='ocrx_word' id='word_1_263' title='bbox 894 3601 968 3663; x_wconf 92' lang='lat' dir='ltr'><strong>opus</strong></span> <span class='ocrx_word' id='word_1_264' title='bbox 992 3591 1055 3646; x_wconf 92' lang='lat' dir='ltr'><strong>erat</strong></span> <span class='ocrx_word' id='word_1_265' title='bbox 1079 3601 1146 3644; x_wconf 91' lang='lat' dir='ltr'><strong>cum</strong></span> <span class='ocrx_word' id='word_1_266' title='bbox 1171 3576 1354 3659; x_wconf 88' lang='lat' dir='ltr'><strong>mortalibus,</strong></span> <span class='ocrx_word' id='word_1_267' title='bbox 1376 3584 1465 3646; x_wconf 93' lang='lat' dir='ltr'><strong>modo</strong></span> 
     </span>
     <span class='ocr_line' id='line_1_32' title="bbox 326 3686 1467 3769; baseline -0.002 -19"><span class='ocrx_word' id='word_1_268' title='bbox 326 3708 376 3750; x_wconf 93' lang='lat' dir='ltr'><strong>eos</strong></span> <span class='ocrx_word' id='word_1_269' title='bbox 398 3687 500 3769; x_wconf 90' lang='lat' dir='ltr'><strong>puniat</strong></span> <span class='ocrx_word' id='word_1_270' title='bbox 534 3695 567 3749; x_wconf 87' lang='lat' dir='ltr'><strong>ut</strong></span> <span class='ocrx_word' id='word_1_271' title='bbox 589 3686 719 3749; x_wconf 90' lang='lat' dir='ltr'><strong>Bacchus</strong></span> <span class='ocrx_word' id='word_1_272' title='bbox 752 3686 917 3749; x_wconf 90' lang='lat' dir='ltr'><strong>Pentheum</strong></span> <span class='ocrx_word' id='word_1_273' title='bbox 940 3686 971 3747; x_wconf 95' lang='lat' dir='ltr'><strong>in</strong></span> <span class='ocrx_word' id='word_1_274' title='bbox 994 3686 1141 3766; x_wconf 89' lang='lat' dir='ltr'><strong>Euripidis</strong></span> <span class='ocrx_word' id='word_1_275' title='bbox 1169 3687 1325 3766; x_wconf 83' lang='lat' dir='ltr'><strong>tragoedia.</strong></span> <span class='ocrx_word' id='word_1_276' title='bbox 1370 3686 1467 3749; x_wconf 92' lang='lat' dir='ltr'><strong>Nonni</strong></span> 
     </span>
     <span class='ocr_line' id='line_1_33' title="bbox 325 3788 1465 3870; baseline -0.001 -16"><span class='ocrx_word' id='word_1_277' title='bbox 325 3800 422 3855; x_wconf 90' lang='lat' dir='ltr'><strong>autem</strong></span> <span class='ocrx_word' id='word_1_278' title='bbox 456 3791 586 3853; x_wconf 90' lang='lat' dir='ltr'><strong>Bacchus</strong></span> <span class='ocrx_word' id='word_1_279' title='bbox 619 3788 655 3852; x_wconf 93' lang='lat' dir='ltr'><strong>ab</strong></span> <span class='ocrx_word' id='word_1_280' title='bbox 678 3789 836 3868; x_wconf 87' lang='lat' dir='ltr'><strong>Euripiden</strong></span> <span class='ocrx_word' id='word_1_281' title='bbox 866 3807 927 3851; x_wconf 91' lang='lat' dir='ltr'><strong>non</strong></span> <span class='ocrx_word' id='word_1_282' title='bbox 958 3790 1092 3851; x_wconf 86' lang='lat' dir='ltr'><strong>diversus</strong></span> <span class='ocrx_word' id='word_1_283' title='bbox 1115 3798 1169 3864; x_wconf 89' lang='lat' dir='ltr'><strong>est,</strong></span> <span class='ocrx_word' id='word_1_284' title='bbox 1193 3809 1315 3870; x_wconf 90' lang='lat' dir='ltr'><strong>prorsus</strong></span> <span class='ocrx_word' id='word_1_285' title='bbox 1338 3791 1465 3854; x_wconf 86' lang='lat' dir='ltr'><strong>divinam</strong></span> 
     </span>
     <span class='ocr_line' id='line_1_34' title="bbox 326 3890 1466 3975; baseline -0.002 -17"><span class='ocrx_word' id='word_1_286' title='bbox 326 3896 415 3959; x_wconf 88' lang='lat' dir='ltr'><strong>habet</strong></span> <span class='ocrx_word' id='word_1_287' title='bbox 435 3904 587 3969; x_wconf 89' lang='lat' dir='ltr'><strong>naturam,</strong></span> <span class='ocrx_word' id='word_1_288' title='bbox 622 3893 751 3975; x_wconf 87' lang='lat' dir='ltr'><strong>quolibet</strong></span> <span class='ocrx_word' id='word_1_289' title='bbox 784 3893 918 3973; x_wconf 87' lang='lat' dir='ltr'><strong>prodigio</strong></span> <span class='ocrx_word' id='word_1_290' title='bbox 950 3890 987 3954; x_wconf 74' lang='lat' dir='ltr'><strong>&#39;ad</strong></span> <span class='ocrx_word' id='word_1_291' title='bbox 1017 3895 1106 3956; x_wconf 91' lang='lat' dir='ltr'><strong>lndos</strong></span> <span class='ocrx_word' id='word_1_292' title='bbox 1128 3895 1295 3975; x_wconf 92' lang='lat' dir='ltr'><strong>puniendos</strong></span> <span class='ocrx_word' id='word_1_293' title='bbox 1318 3895 1466 3971; x_wconf 80' lang='lat' dir='ltr'><strong>utitur¹⁴),</strong></span> 
     </span>
     <span class='ocr_line' id='line_1_35' title="bbox 326 3996 1466 4081; baseline -0.003 -18"><span class='ocrx_word' id='word_1_294' title='bbox 326 4002 366 4063; x_wconf 89' lang='lat' dir='ltr'><strong>ita</strong></span> <span class='ocrx_word' id='word_1_295' title='bbox 389 4001 471 4063; x_wconf 85' lang='lat' dir='ltr'><strong>ntis</strong></span> <span class='ocrx_word' id='word_1_296' title='bbox 494 4001 544 4081; x_wconf 93' lang='lat' dir='ltr'><strong>qui</strong></span> <span class='ocrx_word' id='word_1_297' title='bbox 568 3999 602 4060; x_wconf 93' lang='lat' dir='ltr'><strong>ad</strong></span> <span class='ocrx_word' id='word_1_298' title='bbox 627 4016 717 4060; x_wconf 90' lang='lat' dir='ltr'><strong>sanae</strong></span> <span class='ocrx_word' id='word_1_299' title='bbox 740 3996 848 4058; x_wconf 87' lang='lat' dir='ltr'><strong>mentis</strong></span> <span class='ocrx_word' id='word_1_300' title='bbox 878 4015 1012 4059; x_wconf 89' lang='lat' dir='ltr'><strong>normam</strong></span> <span class='ocrx_word' id='word_1_301' title='bbox 1044 3998 1144 4061; x_wconf 89' lang='lat' dir='ltr'><strong>Nonni</strong></span> <span class='ocrx_word' id='word_1_302' title='bbox 1167 4017 1279 4079; x_wconf 83' lang='lat' dir='ltr'><strong>pugnas</strong></span> <span class='ocrx_word' id='word_1_303' title='bbox 1301 4018 1466 4062; x_wconf 89' lang='lat' dir='ltr'><strong>accommo-</strong></span> 
     </span>
     <span class='ocr_line' id='line_1_36' title="bbox 327 4101 1465 4189; baseline -0.002 -23"><span class='ocrx_word' id='word_1_304' title='bbox 327 4105 398 4168; x_wconf 92' lang='lat' dir='ltr'><strong>dare</strong></span> <span class='ocrx_word' id='word_1_305' title='bbox 422 4104 547 4176; x_wconf 89' lang='lat' dir='ltr'><strong>studeat,</strong></span> <span class='ocrx_word' id='word_1_306' title='bbox 570 4121 632 4165; x_wconf 91' lang='lat' dir='ltr'><strong>non</strong></span> <span class='ocrx_word' id='word_1_307' title='bbox 655 4101 813 4182; x_wconf 78' lang='lat' dir='ltr'><strong>intellegat,</strong></span> <span class='ocrx_word' id='word_1_308' title='bbox 837 4119 889 4189; x_wconf 84' lang='lat' dir='ltr'><strong>cur</strong></span> <span class='ocrx_word' id='word_1_309' title='bbox 912 4101 1033 4163; x_wconf 90' lang='lat' dir='ltr'><strong>omnino</strong></span> <span class='ocrx_word' id='word_1_310' title='bbox 1057 4121 1124 4164; x_wconf 93' lang='lat' dir='ltr'><strong>cum</strong></span> <span class='ocrx_word' id='word_1_311' title='bbox 1147 4103 1194 4164; x_wconf 94' lang='lat' dir='ltr'><strong>his</strong></span> <span class='ocrx_word' id='word_1_312' title='bbox 1217 4103 1388 4164; x_wconf 91' lang='lat' dir='ltr'><strong>mortalibus</strong></span> <span class='ocrx_word' id='word_1_313' title='bbox 1411 4103 1465 4164; x_wconf 95' lang='lat' dir='ltr'><strong>bo-</strong></span> 
     </span>
     <span class='ocr_line' id='line_1_37' title="bbox 327 4199 1465 4288; baseline -0.002 -17"><span class='ocrx_word' id='word_1_314' title='bbox 327 4209 423 4272; x_wconf 90' lang='lat' dir='ltr'><strong>stibus</strong></span> <span class='ocrx_word' id='word_1_315' title='bbox 444 4208 516 4270; x_wconf 89' lang='lat' dir='ltr'><strong>deus</strong></span> <span class='ocrx_word' id='word_1_316' title='bbox 545 4205 734 4269; x_wconf 91' lang='lat' dir='ltr'><strong>dimicaverit.</strong></span> <span class='ocrx_word' id='word_1_317' title='bbox 784 4205 876 4277; x_wconf 83' lang='lat' dir='ltr'><strong>Quam</strong></span> <span class='ocrx_word' id='word_1_318' title='bbox 900 4199 1046 4288; x_wconf 75' lang='grc' dir='ltr'><em>ἀπορίαν</em></span> <span class='ocrx_word' id='word_1_319' title='bbox 1068 4207 1143 4269; x_wconf 83' lang='lat' dir='ltr'><strong>infra</strong></span> <span class='ocrx_word' id='word_1_320' title='bbox 1166 4206 1278 4268; x_wconf 90' lang='lat' dir='ltr'><strong>videbis</strong></span> <span class='ocrx_word' id='word_1_321' title='bbox 1300 4207 1374 4268; x_wconf 88' lang='lat' dir='ltr'><strong>solvi</strong></span> <span class='ocrx_word' id='word_1_322' title='bbox 1397 4226 1465 4270; x_wconf 90' lang='lat' dir='ltr'><strong>oon-</strong></span> 
     </span>
     <span class='ocr_line' id='line_1_38' title="bbox 327 4309 1145 4392; baseline -0.006 -17"><span class='ocrx_word' id='word_1_323' title='bbox 327 4314 441 4375; x_wconf 88' lang='lat' dir='ltr'><strong>ieotura</strong></span> <span class='ocrx_word' id='word_1_324' title='bbox 464 4330 551 4392; x_wconf 89' lang='lat' dir='ltr'><strong>quam</strong></span> <span class='ocrx_word' id='word_1_325' title='bbox 575 4311 612 4372; x_wconf 90' lang='lat' dir='ltr'><strong>de</strong></span> <span class='ocrx_word' id='word_1_326' title='bbox 634 4310 748 4372; x_wconf 82' lang='lat' dir='ltr'><strong>rabulae</strong></span> <span class='ocrx_word' id='word_1_327' title='bbox 771 4309 882 4387; x_wconf 81' lang='lat' dir='ltr'><strong>origine</strong></span> <span class='ocrx_word' id='word_1_328' title='bbox 904 4310 992 4371; x_wconf 89' lang='lat' dir='ltr'><strong>verbo</strong></span> <span class='ocrx_word' id='word_1_329' title='bbox 1015 4311 1145 4372; x_wconf 77' lang='lat' dir='ltr'><strong>alteram.</strong></span> 
     </span>
    </p>

    <p class='ocr_par' dir='ltr' id='par_1_7' title="bbox 328 4413 1466 4600">
     <span class='ocr_line' id='line_1_39' title="bbox 413 4413 1466 4496; baseline -0.002 -19"><span class='ocrx_word' id='word_1_330' title='bbox 413 4417 446 4477; x_wconf 92' lang='lat' dir='ltr'><strong>ln</strong></span> <span class='ocrx_word' id='word_1_331' title='bbox 469 4416 530 4496; x_wconf 92' lang='lat' dir='ltr'><strong>ipsa</strong></span> <span class='ocrx_word' id='word_1_332' title='bbox 553 4413 706 4476; x_wconf 89' lang='lat' dir='ltr'><strong>Nonniana</strong></span> <span class='ocrx_word' id='word_1_333' title='bbox 729 4413 923 4494; x_wconf 86' lang='lat' dir='ltr'><strong>expeditionis</strong></span> <span class='ocrx_word' id='word_1_334' title='bbox 947 4414 1115 4475; x_wconf 89' lang='lat' dir='ltr'><strong>narratione</strong></span> <span class='ocrx_word' id='word_1_335' title='bbox 1131 4414 1238 4475; x_wconf 91' lang='lat' dir='ltr'><strong>desunt</strong></span> <span class='ocrx_word' id='word_1_336' title='bbox 1260 4434 1335 4495; x_wconf 90' lang='lat' dir='ltr'><strong>quae</strong></span> <span class='ocrx_word' id='word_1_337' title='bbox 1357 4415 1466 4495; x_wconf 89' lang='lat' dir='ltr'><strong>primae</strong></span> 
     </span>
     <span class='ocr_line' id='line_1_40' title="bbox 328 4516 1466 4600; baseline -0.001 -18"><span class='ocrx_word' id='word_1_338' title='bbox 328 4519 444 4582; x_wconf 88' lang='lat' dir='ltr'><strong>fabulae</strong></span> <span class='ocrx_word' id='word_1_339' title='bbox 475 4518 587 4580; x_wconf 83' lang='lat' dir='ltr'><strong>formae</strong></span> <span class='ocrx_word' id='word_1_340' title='bbox 619 4517 736 4598; x_wconf 90' lang='lat' dir='ltr'><strong>propria</strong></span> <span class='ocrx_word' id='word_1_341' title='bbox 771 4535 835 4579; x_wconf 89' lang='lat' dir='ltr'><strong>esse</strong></span> <span class='ocrx_word' id='word_1_342' title='bbox 868 4516 1036 4579; x_wconf 88' lang='lat' dir='ltr'><strong>didicimus:</strong></span> <span class='ocrx_word' id='word_1_343' title='bbox 1070 4535 1167 4598; x_wconf 88' lang='lat' dir='ltr'><strong>neque</strong></span> <span class='ocrx_word' id='word_1_344' title='bbox 1202 4517 1238 4580; x_wconf 90' lang='lat' dir='ltr'><strong>de</strong></span> <span class='ocrx_word' id='word_1_345' title='bbox 1266 4519 1341 4600; x_wconf 81' lang='lat' dir='ltr'><strong>Nysa</strong></span> <span class='ocrx_word' id='word_1_346' title='bbox 1373 4518 1466 4581; x_wconf 91' lang='lat' dir='ltr'><strong>lndioa</strong></span> 
     </span>
    </p>
   </div>
   <div class='ocr_carea' id='block_1_5' title="bbox 0 0 1614 5246">
    <p class='ocr_par' dir='ltr' id='par_1_8' title="bbox 0 0 1614 5246">
     <span class='ocr_line' id='line_1_41' title="bbox 0 0 1614 5246; baseline 0 0"><span class='ocrx_word' id='word_1_347' title='bbox 0 0 1614 5246; x_wconf 95' lang='lat' dir='ltr'><strong> </strong></span> 
     </span>
    </p>
   </div>
  </div>
 </body>
</html>
