3202 5246
818 425 1042 489 ...yg-

359 603 463 666 iecisse
485 612 634 683 putamus.
679 600 897 682 Surcophagum
914 621 947 666 ea
964 602 1167 682 composuisse
1183 602 1329 664 existimat
1344 601 1533 674 llobertus,

358 706 396 767 ita
425 713 457 768 ut
486 705 516 768 in
538 705 658 766 adversa
681 711 763 784 parte
785 703 885 784 lrgmt.
908 723 953 766 nr.
976 703 1005 778 2,
1029 706 1070 766 ‹la
1093 712 1123 766 et
1145 703 1193 768 lb
1216 705 1248 766 in
1277 705 1415 784 siugulis
1447 703 1534 766 late-

357 808 440 870 ribus
463 807 599 870 luissent
645 805 698 868 Cui
720 806 905 870 coniecturae
920 807 1065 888 imprimis
1086 811 1183 869 lavere
1197 807 1314 868 ridetur
1336 803 1534 870 ‘balaustra'

358 910 405 974 illa
421 911 451 974 iu
468 917 594 989 utroque
617 912 781 986 fragmento
803 912 934 990 repetita.
965 911 1023 972 Sed
1047 928 1109 972 non
1131 908 1278 984 retinebo,
1299 929 1378 990 quae
1408 917 1535 970 contra

359 1013 456 1076 lacere
480 1013 570 1076 rideri
599 1011 731 1092 possint:
764 1013 893 1091 primum
917 1014 947 1074 in
971 1015 1011 1074 ‹la
1035 1021 1065 1076 et
1087 1012 1106 1073 h
1129 1012 1222 1092 magis
1252 1013 1409 1076 etiamad
1443 1012 1534 1074 anti-

357 1134 444 1195 quam
468 1115 684 1196 simplicitatem
706 1116 866 1177 ascendere
889 1116 1001 1178 videtur
1025 1117 1109 1178 stilus
1132 1135 1222 1197 quam
1243 1116 1275 1178 in
1299 1135 1345 1178 nr.
1368 1116 1406 1194 2,
1439 1116 1532 1196 qnod
1588 1165 1590 1224 q

358 1219 456 1298 paullo
484 1228 529 1298 est
557 1218 686 1297 plenius,
720 1231 783 1280 tum
807 1219 1009 1282 difficultatem
1040 1219 1152 1282 laniunt
1182 1228 1284 1299 portae
1306 1218 1473 1300 reliquiae
1498 1218 1532 1278 in
1589 1253 1590 1306 q

357 1321 376 1382 2
399 1330 428 1382 ct
451 1320 506 1392 db,
531 1321 659 1401 denique
682 1322 805 1384 altitudo
821 1321 984 1384 tabularum
1008 1321 1097 1384 nimis
1120 1322 1235 1384 videtur
1257 1322 1369 1384 diversa
1396 1321 1530 1396 esse1).
1589 1315 1590 1328 ¹

442 1423 500 1484 Sed
525 1423 717 1486 haecomnia
741 1443 801 1486 nun
825 1424 881 1486 nisi
904 1425 1002 1486 denuo
1026 1425 1165 1505 inspectis
1193 1425 1417 1504 diligenterque
1448 1443 1530 1486 exa-

357 1525 473 1588 minatis
496 1525 668 1602 fragmentis
690 1525 760 1607 ipsis
783 1527 910 1590 discerni
933 1535 1075 1607 possunt,
1104 1535 1241 1588 maneant
1263 1527 1353 1606 igitur
1380 1529 1419 1590 in
1448 1546 1527 1589 sus·
1588 1481 1590 1558 l

357 1645 459 1708 penso.
505 1629 604 1709 Neque
636 1629 671 1690 ad
705 1638 836 1692 nostram
871 1650 933 1692 rem
968 1631 1095 1694 multum
1129 1630 1253 1692 interest
1274 1631 1365 1703 scire,
1401 1637 1526 1692 utrum

355 1732 424 1794 olim
447 1732 578 1802 eiusdem
602 1733 699 1812 operis
716 1743 814 1812 partes
830 1734 940 1796 luerint
954 1735 1070 1796 tabulae
1086 1734 1158 1796 istae
1179 1752 1281 1806 neone,
1303 1752 1372 1794 oum
1404 1733 1521 1794 eidem

355 1853 403 1894 eas
433 1835 644 1913 compositioni
677 1837 877 1898 attribuendas
910 1855 975 1899 esse
1008 1838 1112 1900 doceat
1139 1837 1273 1898 omnium
1297 1854 1370 1916 quas
1404 1836 1524 1896 adhuc

355 1938 526 2000 enumeravi
550 1939 714 2000 tabularum
738 1939 924 2019 comparatio.

440 2039 637 2120 Archetypum
660 2041 806 2120 igiturex
829 2043 889 2116 his,
919 2050 952 2104 ut
978 2043 1017 2103 ita
1040 2041 1146 2114 dicam,
1168 2041 1345 2122 apographis
1369 2059 1513 2122 recupe-

354 2142 480 2206 randum
504 2151 557 2204 est.

437 2246 520 2320 Qirod
544 2246 724 2308 recensionis
747 2266 866 2320 munus,
889 2267 958 2310 oum
981 2247 1082 2328 paucis
1106 2247 1208 2327 eisque
1224 2247 1400 2327 plerumque
1417 2248 1514 2310 valde

356 2349 496 2410 mutilatis
530 2357 650 2410 utamur
682 2350 871 2429 apographis,
904 2351 934 2412 in
969 2353 1136 2412 coniectura
1171 2349 1302 2429 positum
1336 2369 1404 2412 esse
1429 2350 1514 2412 satis

352 2449 461 2515 lubrica
484 2469 545 2512 non
567 2452 681 2530 ignoro,
704 2470 800 2532 neque
824 2453 848 2514 is
871 2469 949 2528 sum,
972 2453 1023 2534 qui
1050 2453 1172 2514 omnino
1195 2453 1226 2514 in
1248 2453 1293 2513 his
1308 2453 1398 2514 rebus
1423 2455 1511 2516 ultra

352 2553 563 2633 probabilitatis
600 2554 727 2634 speciem
762 2555 913 2635 pervenire
946 2572 1001 2616 nos
1029 2574 1118 2636 posse
1151 2563 1252 2636 putet;
1285 2556 1335 2618 sod
1370 2557 1512 2618 rotinere

353 2656 433 2718 nolui
457 2677 531 2737 quae
554 2658 662 2720 iterum
685 2659 853 2738 iterumque
876 2658 1036 2739 anaglypha
1060 2659 1222 2722 conferenti
1254 2659 1506 2740 examinantique

352 2759 424 2822 mihi
446 2760 477 2822 in
501 2769 630 2824 mentem
655 2764 798 2824 venerint.

436 2863 538 2943 ltaque
560 2866 767 2946 anaglyphum,
792 2884 851 2928 non
874 2864 948 2926 alius
970 2863 1098 2926 cuiusvis
1120 2864 1237 2942 generis
1257 2874 1505 2938 monumentum,

351 2964 396 3024 his
419 2964 524 3027 tabulis
548 2968 631 3047 quasi
654 2988 840 3032 communem
869 2967 981 3028 iontem
1010 2966 1132 3028 subesse
1161 2977 1283 3048 propter
1304 2969 1406 3030 stilum
1430 2969 1506 3030 huic

351 3067 421 3128 artis
453 3070 552 3147 generi
585 3065 696 3150 optime
725 3069 997 3144 accommodatum,
1030 3088 1118 3150 quern
1153 3071 1349 3150 praenotatis
1388 3072 1501 3134 mirum

350 3180 494 3249 quantum
518 3174 708 3248 servaverint,
731 3173 897 3253 autumo¹).
953 3172 1038 3245 Quod
1062 3173 1250 3253 anglyphum‚
1280 3174 1364 3235 cuius
1388 3174 1500 3236 eximia

350 3273 438 3338 luerit
460 3275 659 3355 pulchritudo,
682 3276 718 3338 ab
734 3277 844 3340 artifice
859 3277 957 3357 aliquo
981 3277 1135 3340 inventum
1152 3286 1198 3336 est
1219 3275 1255 3336 ad
1278 3275 1498 3357 triumphum⁸l

420 3519 441 3582 ¹)
461 3518 492 3570 cl.
513 3527 646 3585 praeterea
665 3518 786 3573 llataium
805 3522 824 3572 l.
843 3522 859 3572 l.
881 3537 903 3587 p.
923 3523 964 3573 54.

419 3605 440 3666 ¹)
459 3603 571 3656 Vasculo
590 3622 731 3660 marmurae
750 3609 793 3661 val
811 3613 912 3659 statuae
930 3607 985 3659 basi
1004 3607 1047 3658 val
1065 3604 1143 3658 simili
1162 3605 1248 3671 operi,
1265 3605 1331 3670 qnod
1350 3605 1494 3674 cylindrlea

350 3689 431 3742 luerit
449 3688 539 3756 forma,
557 3694 740 3746 circumdatum
757 3693 839 3746 luisse
858 3695 1028 3763 anaglyphum
1052 3693 1130 3757 illud,
1158 3690 1217 3742 inde
1245 3707 1293 3740 nou
1321 3691 1406 3757 inepte
1433 3708 1495 3744 eon·

350 3777 443 3828 iecerit
455 3777 522 3844 quis,
535 3781 599 3844 quod
614 3781 639 3830 in
654 3781 728 3832 laava
741 3781 877 3848 anaglyphi
899 3784 908 3834 l
930 3790 1003 3848 parte
1023 3793 1101 3846 paene
1120 3777 1222 3829 eaedem
1240 3785 1387 3844 comparent
1399 3777 1495 3840 figurae

352 3872 425 3930 atque
445 3865 470 3914 iu
490 3865 579 3916 dextra
597 3868 736 3934 anaglyphi
749 3869 773 3918 2.
791 3866 897 3917 Accedit
915 3867 979 3934 quod
998 3866 1037 3916 his
1056 3866 1081 3914 in
1102 3879 1138 3913 ur.
1157 3863 1174 3918 2
1193 3863 1326 3926 imaginem
1345 3863 1371 3913 in
1389 3862 1492 3914 bravius
1586 3859 1587 3870 ¹

350 3951 459 4016 spatium
479 3953 611 4002 contruxit
630 3951 731 4020 opifexy
759 3952 866 4019 primum
885 3953 968 4003 locum
986 3951 1077 4003 attulit
1094 3948 1128 4000 Μ.
1148 3950 1165 4000 l.
1184 3951 1202 4000 l.
1221 3965 1243 4016 p.
1262 3949 1294 4000 ts
1314 3948 1418 4002 ‘lliessr
1435 3949 1491 4016 (der
1585 4013 1586 4022 ἵ

350 4037 450 4100 wagan)
470 4037 534 4094 wind
558 4053 681 4104 geaogau,
708 4053 760 4090 was
788 4038 931 4102 allardings
954 4039 979 4090 ia
1004 4036 1072 4100 lolge
1095 4042 1176 4086 etwas
1198 4052 1229 4086 au
1250 4050 1298 4098 ang
1317 4050 1492 4098 ganommeuer

350 4124 511 4189 perspectiva
524 4123 595 4175 nieht
608 4125 666 4176 lilar
678 4125 752 4192 wind,
764 4141 814 4176 von
828 4125 893 4176 awai
907 4123 1075 4192 elephantem,
1094 4123 1203 4174 alterum
1216 4123 1303 4190 inquo
1315 4123 1381 4176 idem
1399 4121 1490 4176 lactum
1585 4149 1586 4182 3

350 4217 390 4260 ast
408 4209 512 4261 collatis
532 4211 684 4278 anaglyphis
703 4212 715 4262 l
736 4218 763 4262 at
781 4211 796 4260 2
814 4210 914 4262 videbis
933 4212 1002 4262 intra
1020 4217 1074 4262 tras
1098 4209 1172 4274 illas,
1195 4224 1210 4260 a
1236 4210 1324 4275 quibus
1344 4226 1419 4262 orans
1437 4226 1489 4260 snm

349 4295 454 4363 figuras,
483 4313 588 4364 quarum
607 4299 716 4365 Satyrus
734 4296 841 4348 nebride
867 4298 967 4350 cinctus
987 4298 1013 4348 in
1031 4297 1046 4348 2
1065 4297 1145 4348 multo
1172 4296 1277 4364 propior
1302 4297 1369 4348 mulo
1391 4297 1488 4365 adstat,

349 4399 422 4448 quarn
441 4384 467 4434 iu
488 4385 509 4434 1.
548 4384 574 4434 ld
592 4385 657 4450 qnod
675 4382 753 4436 lacile
770 4385 887 4440 accidere
905 4384 998 4450 potuit,
1026 4384 1050 4434 oi
1077 4383 1119 4449 qui
1137 4383 1297 4452 cylindrioae
1314 4381 1411 4438 formae
1429 4383 1486 4436 ima·

349 4470 432 4530 rilem
451 4471 477 4520 in
498 4477 570 4521 reeta
590 4470 677 4522 tabula
696 4471 850 4522 imitaretur.

416 4557 436 4616 ⁸)
455 4555 493 4605 Ne
514 4556 592 4606 verbo
611 4557 712 4622 quidem
731 4558 906 4608 demonstrare
925 4564 1031 4612 conatus
1049 4573 1112 4621 sum,
1133 4571 1244 4623 pompant
1262 4555 1372 4608 Indicam
1390 4555 1486 4606 inima-
