3202 5246
603 399 823 460 -27-

225 575 346 637 Silenus
362 575 544 654 conspicitur
559 595 575 636 a
588 575 689 638 dextra
702 574 836 636 llcrculis
851 584 934 654 parte
950 594 1017 636 oum
1040 586 1179 656 tympano
1195 595 1281 637 eoro-

132 685 242 752 natus;
258 696 274 737 a
289 678 368 738 laeva
384 685 428 738 est
444 679 564 757 Satyrus
580 696 646 740 cum
664 679 750 760 pedo,
764 685 943 757 -uterque
959 678 989 740 in
1005 697 1122 741 recessu
1140 686 1198 741 stat
1213 690 1282 760 post

131 781 306 842 Herculem.

218 884 251 944 ln
264 883 388 962 singulis
401 884 474 944 baeo
484 884 611 945 notanda
625 891 709 945 sunt:
723 883 827 945 Raeobi
840 901 946 945 manus
957 884 1037 945 laeva
1049 884 1097 955 ita,
1110 897 1143 946 ut
1156 885 1282 948 habenas

134 996 272 1061 teneret,
293 988 426 1068 suppleta
450 997 505 1050 ost.
544 987 635 1066 Zoega
659 986 692 1066 (l.
715 986 749 1067 l.)
771 986 944 1048 cantharum
969 987 1038 1049 olim
1055 1007 1120 1049 eam
1144 987 1282 1050 habuisse

130 1099 233 1172 putat,
257 1091 307 1152 sed
332 1109 398 1152 cum
422 1091 453 1152 in
476 1099 537 1154 tota
560 1091 616 1152 hae
638 1090 722 1152 classi
744 1093 791 1151 Al
813 1108 968 1170 nunquam
992 1091 1134 1152 cantharo
1157 1092 1282 1170 insignis

131 1196 177 1256 sit
201 1194 284 1266 dous,
312 1194 401 1256 etiam
417 1195 474 1256 boo
496 1194 560 1257 loco
576 1212 644 1254 eum
661 1201 735 1274 puto
757 1201 808 1254 aut
821 1193 952 1257 habenas
975 1204 1027 1256 aut
1049 1195 1123 1256 nihil
1145 1194 1176 1255 in
1194 1214 1281 1257 manu

130 1298 286 1360 habuisse.
409 1373 411 1378 .

140 1458 144 1464 .
225 1423 257 1475 α,
280 1419 354 1480 quae
383 1399 539 1480 perspicue
568 1401 657 1462 deum
682 1408 820 1471 coronat,
854 1417 927 1462 num
951 1399 1029 1462 laeva
1062 1400 1189 1482 palmam
1213 1419 1283 1480 por-

132 1506 250 1567 rexerit
278 1511 400 1584 propter
426 1505 568 1566 lacertum
591 1511 760 1566 truncatum
790 1503 886 1582 paullo
909 1503 995 1564 altius
1019 1503 1166 1565 sublatum
1191 1503 1284 1583 qualis

134 1618 221 1672 extat
243 1610 274 1670 in
297 1608 368 1668 Cob.
392 1607 514 1668 dubium
538 1616 591 1667 est.

227 1735 243 1773 s
279 1720 359 1772 recte
380 1711 448 1773 olim
472 1722 627 1790 tropaeum
644 1717 782 1789 gesserat,
806 1727 887 1772 nune
908 1711 982 1772 falso
1011 1709 1132 1789 longum
1155 1709 1284 1772 inaudita

135 1815 248 1878 forma
262 1814 371 1896 pedum
394 1821 486 1876 tenet.
788 1815 790 1820 ’

230 1913 248 1989 ζ
267 1918 297 1978 in
320 1916 389 1978 Cob.
413 1925 493 1978 recte
515 1934 636 1996 parvum
661 1923 759 1996 portat
781 1915 873 1976 altare
895 1934 962 1977 cum
985 1915 1110 1978 llamrna.

227 2021 316 2082 Pueri
349 2021 399 2100 qui
433 2021 541 2082 leaenis
570 2021 720 2081 vehuntur
746 2029 847 2100 aperte
879 2029 951 2082 sunt
984 2019 1051 2081 lndi
1085 2017 1285 2099 tenebantque

135 2125 280 2188 habenas.

228 2229 363 2308 Satyrum
388 2227 470 2308 quia
492 2227 572 2290 laeva
595 2226 658 2288 eius
680 2225 786 2306 captivi
805 2225 897 2288 Indici
920 2231 1083 2306 comparet,
1105 2225 1156 2306 qui
1173 2225 1284 2287 camelo

135 2332 268 2403 vehitur,
292 2333 321 2392 in
345 2331 462 2392 animali
486 2331 614 2410 quodam
639 2330 772 2410 equitare
788 2330 874 2391 docet
894 2329 1020 2391 Eiohleri
1042 2328 1149 2402 tabula,
1172 2329 1203 2390 in
1229 2348 1285 2409 qua

135 2437 220 2498 inter
243 2443 403 2514 utrumque
426 2434 571 2515 captivum
589 2434 771 2514 conspicitur
793 2441 890 2514 caput,
914 2434 993 2513 quod
1018 2451 1196 2513 quamquam
1221 2450 1286 2494 cer-

136 2539 217 2600 vinis
240 2538 379 2600 oornibus
402 2547 447 2600 est
469 2538 584 2617 insigne
607 2557 661 2618 pro
684 2536 923 2618 camelopardalis
947 2536 1040 2617 eapite
1056 2534 1161 2609 haheo,
1185 2554 1286 2597 errore

136 2643 187 2704 vel
211 2642 290 2722 quod
312 2641 402 2704 nimis
424 2643 482 2704 iam
506 2642 661 2703 evanidum
686 2649 765 2702 esset
787 2641 930 2704 omissum
954 2641 986 2702 in
1009 2640 1079 2702 Cob.

229 2746 370 2817 Puerum,
395 2746 479 2808 cuius
502 2745 557 2806 sub
581 2744 729 2824 elephanti
758 2743 934 2823 proboscide
963 2752 1051 2823 eaput
1080 2751 1167 2816 extat,
1191 2743 1283 2822 Zobga

139 2849 285 2912 describit
306 2849 352 2910 bis
375 2848 486 2910 verbis:
510 2855 606 2928 ‚putto
627 2846 735 2910 vestito
758 2868 774 2908 e
796 2847 991 2908 calamistrato
1014 2844 1059 2907 all'
1081 2847 1220 2908 indiana‘.

227 2954 335 3015 Herma
358 2971 414 3032 qua
435 2953 627 3033 anaglyphum
651 2951 752 3015 linitur
778 2949 891 3013 inCob.
914 2949 1011 3011 omnia
1035 2957 1179 3029 quantum
1203 2948 1285 3028 potui

142 3058 323 3120 lineamenta
340 3055 476 3136 sequenti
492 3055 552 3116 visa
569 3063 614 3116 est
636 3054 752 3136 obbqua
768 3054 821 3116 viri
837 3054 944 3133 imago,
969 3071 1048 3114 nune
1062 3052 1135 3114 falso
1158 3052 1285 3112 feminae

142 3170 196 3224 est·
212 3160 342 3222 adversa.

697 3329 731 3390 V.

232 3472 261 3531 9.
284 3468 420 3548 Denique
437 3469 495 3538 bno
510 3468 706 3530 revocandum
724 3431 839 3532 videtur
853 3468 1064 3546 fragmentum,
1088 3467 1165 3547 quod
1190 3475 1234 3528 est
1256 3467 1285 3528 in
1313 3472 1329 3520 9

150 3573 309 3654 sculptoris
330 3571 493 3634 leriobau
511 3570 626 3632 officina
642 3568 710 3630 M-ll
728 3570 820 3644 2277,
844 3589 1023 3652 quamquam
1047 3571 1120 3632 nihil
1142 3569 1286 3666 continet,

150 3699 185 3740 ex
209 3696 267 3758 quo
290 3675 359 3738 satis
382 3686 495 3738 certum
518 3673 658 3736 iudicium
682 3678 759 3736 ferre
781 3674 875 3736 liceat

678 3901 754 3962 me
786 3867 788 3872 ’

695 4071 739 4132 vr.

234 4195 307 4276 Typi
330 4194 409 4255 Alb
433 4211 525 4255 unum
550 4193 638 4254 modo
662 4192 755 4256 babeo
778 4195 897 4274 plenum
921 4201 1045 4256 testem:

236 4300 285 4360 10.
307 4297 425 4358 hluseo
448 4297 656 4379 Capitolino.
695 4297 816 4377 Foggini
838 4297 912 4358 blus.
936 4297 1004 4377 Gap.
1023 4297 1059 4358 lV
1075 4297 1126 4360 63.
1160 4293 1331 4374 Rigbettitb

149 4402 273 4466 desoriz.
289 4401 337 4462 del
359 4400 491 4481 Campid.
512 4401 547 4462 ll.
564 4410 584 4462 t.
601 4400 672 4462 216.
699 4399 864 4481 llorillus.
881 4400 974 4481 Capit.
991 4400 1035 4460 lll.
1052 4400 1103 4462 48.
1125 4396 1289 4477 Descriptio

148 4508 259 4569 Romae
283 4505 363 4566 urbis
388 4505 425 4565 lll
448 4524 476 4584 p.
504 4501 571 4564 184.
605 4505 716 4566 Peters.
740 4506 772 4566 B.
797 4504 895 4566 Eicb.
