3202 5246
612 402 808 463 ..7-

115 595 237 656 neque
260 577 295 637 de
317 577 469 658 triumpho
504 578 665 657 quidquam
688 577 728 638 ibi
753 585 841 639 extat.
888 579 975 639 Deest
1003 581 1143 640 stolarum
1168 581 1280 640 mentio

113 697 237 760 neque
256 673 363 761 ‘oppida
386 681 488 742 condit
517 681 647 740 Racchus
675 693 724 742 aut
751 679 901 743 beneficiis
932 681 1021 743 lndos
1045 683 1143 745 afficit.
1190 684 1281 744 Prae-

113 793 218 852 terea
243 803 304 844 non
329 785 540 862 neglegendum
564 784 709 864 estquod
733 784 873 846 Hercules
897 786 1001 866 quiin
1025 787 1161 849 versione
1184 787 1279 848 Nacc-

114 888 242 948 donica
264 888 413 949 interdum
437 887 542 948 bacchi
566 895 611 948 est
632 880 730 949 'socius
752 888 847 950 nullas
869 889 946 970 apud
970 889 1110 952 Nonnum
1141 891 1173 952 in
1203 891 1279 954 bello

113 991 236 1052 Indico
260 991 318 1069 agit
339 991 492 1071 partesll).

222 1094 323 1174 Neque
361 1095 440 1156 casui
469 1093 660 1156 tribuendum
695 1095 809 1156 videtur
843 1096 922 1177 quod
956 1103 985 1157 et
1014 1097 1131 1158 Silenus
1166 1108 1196 1158 et
1217 1097 1278 1160 Pan
1319 1156 1323 1162 .

117 1179 253 1260 diversa
277 1196 313 1258 ab
334 1198 421 1258 altera
444 1196 559 1258 fabulae
582 1197 676 1258 forma
690 1199 768 1278 apud
786 1198 925 1260 Nonnum
942 1199 1054 1260 inducti
1070 1201 1278 1274 cunctatione,

116 1323 223 1384 quam
248 1322 310 1364 rem
334 1301 468 1383 pluribus
492 1301 628 1380 persequi
652 1319 734 1362 nunc
756 1301 872 1362 omitto.
917 1303 974 1364 Sed
992 1303 1112 1364 maioris
1136 1305 1279 1366 momenti

116 1428 221 1488 quam
257 1407 303 1468 dei
337 1405 408 1468 socii
443 1413 513 1466 sunt
546 1405 717 1472 adversarii:
744 1423 870 1484 quorum
905 1406 987 1484 prior
1017 1405 1112 1467 forma
1148 1406 1278 1484 singulos

119 1513 257 1573 omniuo
270 1512 395 1590 ignorat,
407 1517 479 1571 sunt
494 1509 574 1569 enim
587 1507 650 1568 lndi
666 1509 696 1568 iu
710 1507 881 1569 universum
895 1507 966 1568 nibil
979 1515 1141 1588 praeterea.
1177 1509 1279 1588 ltaque

120 1597 318 1698 Μύρῥαῠον
340 1632 427 1694 quem
450 1612 597 1673 Diodorus
625 1610 780 1689 allert'(lll
796 1612 849 1686 65)
873 1611 1083 1691 compendium
1106 1612 1278 1674 videlicete

118 1721 234 1781 multis
256 1719 388 1781 lontibus
410 1716 659 1794 conglomeratum
684 1724 802 1776 secutus
825 1733 885 1776 non
915 1715 1108 1777 dubitaverim
1131 1718 1278 1779 secundae

117 1823 260 1884 versioni
283 1820 459 1893 adscribere,
482 1817 597 1880 etiamsi
620 1836 680 1879 non
695 1819 854 1880 Noehlerus
885 1819 948 1892 (llic
971 1819 1145 1900 Dionysiaka
1168 1821 1218 1882 des
1242 1821 1276 1882 N.

119 1947 155 2007 p.
183 1925 240 2006 53)
273 1926 363 1986 multa
398 1943 464 1986 cum
499 1920 703 2002 probabilitate
735 1922 901 1994 statuisset,
935 1923 1011 1984 haud
1035 1923 1182 1985 diversum
1207 1944 1275 1986 eum

118 2051 198 2092 esse
220 2050 236 2091 a
259 2027 358 2090 Nonni
380 2027 520 2088 ludorum
544 2024 676 2105 principe
702 2043 792 2104 quem
821 2033 904 2087 vocat
926 2025 1106 2088 Morrheum.
1150 2027 1276 2089 Nonnus

120 2135 211 2196 enim
245 2133 384 2211 frequens
407 2138 453 2192 est
484 2131 516 2190 in
544 2129 714 2190 enarrandis
742 2129 881 2190 ludorum
911 2129 1084 2210 ducibus¹⁶)
1114 2147 1276 2211 eorumque

121 2237 227 2310 sactis,
250 2237 300 2316 qui
324 2253 443 2315 prorsus
466 2234 583 2295 easdem
607 2243 696 2312 agunt
718 2226 816 2313 partes
839 2241 926 2313 atque
957 2233 1006 2313 qui
1040 2234 1072 2295 in
1105 2235 1276 2316 antiquissi-

122 2342 188 2402 mis
211 2341 386 2401 Graecorum
411 2338 518 2418 mythis
552 2347 723 2417 comparent
756 2337 881 2397 deorum
904 2338 1077 2411 adversarii,
1108 2358 1274 2418 equorum

123 2463 259 2506 numero
283 2443 352 2504 satis
377 2442 478 2524 habeo
511 2459 594 2518 reges
629 2441 740 2502 Baccho
773 2441 909 2502 inimicos
947 2441 1112 2520 Lycurgum
1145 2443 1274 2504 Penthea

121 2546 284 2627 Persea¹⁷)
315 2547 429 2608 afferre.
478 2545 567 2606 Cuius
590 2544 706 2625 generis
728 2561 872 2624 personas
906 2563 973 2606 cum
998 2546 1087 2607 sciam
1111 2565 1190 2618 esse,
1224 2547 1275 2626 qui

122 2671 197 2714 eum
220 2650 385 2730 gigantibus
408 2657 594 2728 componant,
619 2669 653 2710 eo
675 2649 856 2728 probabilius
876 2649 949 2709 mibi
971 2649 1103 2710 redditur
1126 2650 1273 2712 sententia

122 2755 253 2835 lloeppii
290 2755 344 2834 (lle
366 2750 614 2833 gigantomachiae
636 2771 692 2813 usu
716 2770 745 2831 p.
768 2751 809 2813 38
823 2756 914 2833 sqq-b
959 2752 1058 2813 Nonni
1081 2753 1170 2814 ludos
1193 2771 1207 2814 a
1230 2755 1274 2833 gi-

124 2859 268 2938 gantibus
284 2857 426 2937 originem
444 2855 561 2916 duxisse
577 2855 765 2934 fabulamque
782 2875 796 2915 a
813 2855 920 2917 Nonne
938 2865 1089 2918 tractatam
1107 2878 1123 2917 e
1139 2858 1272 2936 giganto-

125 2961 241 3024 machia
264 2970 358 3022 ortam
380 2979 453 3022 esse.
498 2959 532 3020 ln
555 2979 589 3020 eo
613 2967 709 3019 autem
734 2961 813 3038 quod
836 2979 922 3020 suum
947 2961 1098 3022 inventum
1123 2961 1271 3042 lloeppius

125 3067 163 3126 ad
181 3066 349 3127 universam
366 3081 441 3142 quae
458 3064 492 3124 de
517 3063 622 3124 Bacchi
653 3063 837 3143 expeditione
852 3062 950 3124 ludica
972 3063 1121 3126 ferebatur
1144 3065 1270 3128 fabulam

125 3169 287 3242 transtulit,
325 3168 382 3228 iam
421 3167 457 3228 iis
494 3185 569 3246 quae
606 3184 693 3245 supra
732 3167 851 3246 exposui
889 3167 967 3228 vides
999 3187 1045 3228 me
1083 3169 1272 3230 vehementer

126 3272 293 3333 dissentire.
326 3270 452 3332 Unicum
471 3271 548 3350 quod
566 3270 611 3330 ille
627 3289 680 3350 pro
697 3289 747 3331 sua
764 3270 942 3342 coniectura,
966 3270 1023 3332 iam
1046 3271 1200 3333 Alexandri
1217 3273 1271 3334 ad-

126 3376 271 3437 versarios
294 3393 360 3435 cum
385 3373 552 3453 gigantibus
576 3383 761 3454 comparatos
785 3393 865 3447 esse,
899 3363 1032 3436 attulisse
1048 3375 1103 3437 sibi
1126 3375 1203 3436 visus
1227 3386 1271 3438 est

127 3478 348 3550 testimonium,
371 3479 457 3540 verba
480 3478 545 3538 dico
568 3497 642 3556 quae
670 3487 769 3540 extant
800 3479 875 3558 apud
900 3479 1090 3540 Plutarchum
1114 3477 1191 3562 περὶ
1214 3480 1270 3562 τῆς

121 3577 341 3664 Ἀλεξάνδρου
367 3573 465 3664 τύχης
491 3577 510 3664 ἢ
536 3575 650 3662 ἀρετῆς
669 3583 702 3642 Α.
726 3602 750 3642 c.
773 3583 808 3643 ll.
831 3602 861 3662 p.
886 3581 943 3642 341
969 3582 1033 3643 llid.
1057 3583 1171 3645 nullum
1195 3603 1269 3657 esse,

127 3688 206 3766 quod
240 3686 326 3747 verba
358 3685 405 3747 illa
439 3684 585 3765 Euripidis
619 3685 752 3746 versibus
786 3685 902 3747 Hercul.
938 3686 1269 3766 numquidnum,

127 3790 344 3852 Maximiliauus
367 3789 464 3871 Nayer
486 3788 592 3850 sodalis
616 3809 663 3851 me
685 3789 812 3850 monuit.

197 4022 217 4085 ¹)
235 4021 350 4086 llroysen
379 4017 444 4068 llell.
469 4017 488 4068 l.
515 4019 538 4067 2.
566 4017 694 4083 pltlllsq.
742 3991 838 4068 Lasseu
857 4016 887 4068 Α.
906 4015 923 4066 Ι.
940 4015 968 4066 1²
986 4018 1078 4084 500sq.
1104 4016 1266 4084 11¹141sqq.

129 4109 242 4174 Spiegel:
262 4108 313 4156 Der
332 4105 493 4156 llindulmsch
510 4104 560 4154 und
574 4105 645 4154 seiae
656 4104 802 4155 llewohner.
825 4103 950 4154 [teutsche
962 4101 1047 4156 Nevue
1058 4121 1083 4156 v.
1095 4103 1123 4156 ll.
1134 4104 1268 4156 Fleiseher

310 4194 350 4244 98.

131 4194 273 4343 18842ῗὲ
290 4198 436 4331 differentia
455 4293 527 4344 quam
540 4279 608 4328 inter
621 4244 829 4342 Paropamisadas
848 4285 874 4328 et
886 4284 987 4327 eeteros
1000 4275 1073 4328 ludos
1087 4277 1266 4330 intercessisse

128 4367 221 4416 scimus
239 4365 271 4416 cl.
290 4365 386 4417 Lassen
405 4363 544 4416 l.l.1501.
565 4364 606 4413 29.
641 4364 756 4431 Droysen
770 4365 787 4414 l.
800 4364 817 4414 l.
830 4363 840 4414 l
854 4364 876 4415 2.
895 4381 918 4430 p.
935 4363 982 4414 110
1002 4371 1052 4414 not.

195 4453 215 4514 8)
234 4452 287 4504 lluc
316 4452 442 4518 portinent
469 4467 531 4516 quae
553 4451 730 4514 Megasthenes
749 4451 831 4501 tradit
848 4448 879 4501 ir.
899 4451 928 4502 41
950 4449 1032 4502 sanw.
1052 4451 1152 4514 (Strabo
1171 4449 1220 4502 XV
1234 4451 1265 4502 58

129 4554 150 4604 p.
164 4539 230 4601 711).
