3202 5246
807 401 1005 464 -4-

337 582 441 645 tarcbo
464 581 566 644 tribuit
588 579 753 654 Muellerus,
777 589 807 642 et
829 580 907 660 apud
930 579 1056 642 eundem
1082 576 1130 638 XV
1153 595 1181 656 p.
1199 575 1259 636 712
1282 580 1418 646 extant,
1447 587 1516 632 non

338 705 406 750 raro
429 685 459 747 in
481 684 599 766 scriptis
621 684 731 746 indicis
753 699 909 746 occurrere
932 689 1074 743 autumat.

424 789 502 851 Haec
523 787 614 868 igitur
645 787 743 849 omnia
767 787 882 848 fabulae
912 785 1058 847 elementa
1086 783 1235 844 artissimo
1263 780 1401 841 vinculo
1436 795 1515 838 cum

337 893 495 956 Alexandri
511 892 655 954 laetorum
671 909 831 971 rerumque
846 890 1011 956 indicarum
1034 891 1111 949 lama
1124 885 1279 948 coniuncta
1295 891 1403 956 sunt;
1432 881 1513 962 quid

338 997 456 1068 mirum,
489 997 514 1058 si
536 997 567 1057 in
590 994 725 1056 fabulosa
748 994 906 1056 Alexandri
928 993 1052 1055 historia
1076 1007 1163 1071 quam
1187 989 1378 1050 Graecorum
1408 987 1514 1047 θαυ-

336 1102 467 1183 μασίων
482 1117 566 1160 amor
587 1098 623 1159 ab
638 1098 808 1161 auctoribus
824 1097 1008 1159 describendi
1022 1094 1161 1156 narrandi
1177 1093 1303 1172 augendi
1327 1091 1385 1153 vel
1406 1090 1509 1152 etiarn

337 1203 497 1266 mentiendi
525 1201 636 1264 libidini
666 1201 887 1282 indulgentibus
921 1200 1050 1261 nutritus
1080 1198 1136 1260 sibi
1165 1198 1257 1268 lunxit,
1291 1196 1394 1258 etiam
1424 1193 1509 1254 Bac-

337 1309 436 1370 cbicae
462 1307 579 1369 fabulae
601 1306 744 1367 memoria
768 1323 829 1368 non
852 1305 947 1366 solum
971 1311 1141 1365 conservata
1165 1300 1325 1363 sedetiam
1352 1296 1507 1378 amplifi-

336 1419 399 1474 cata
421 1419 477 1473 est.
521 1410 558 1471 m
580 1410 755 1490 amplificata
777 1408 898 1489 quidem
927 1417 972 1470 est
993 1423 1054 1469 uno
1077 1406 1288 1477 additamento,
1312 1403 1405 1483 quod
1435 1418 1505 1462 non

221 1547 225 1566 ·
336 1514 435 1576 minus
463 1531 552 1593 quam
575 1521 671 1574 cetera
704 1512 821 1574 videtur
846 1512 962 1574 fabulae
984 1511 1094 1573 formae
1118 1511 1154 1572 de
1182 1529 1239 1590 qua
1263 1509 1383 1588 agimus
1419 1525 1502 1587 pro-

335 1617 433 1697 prium
457 1635 532 1688 esse,
556 1617 606 1678 sed
624 1616 660 1677 de
683 1633 742 1696 quo
765 1633 826 1677 non
849 1615 941 1694 magis
964 1615 1104 1696 quamde
1127 1613 1279 1695 triumpho
1301 1619 1435 1674 constat
1462 1611 1502 1671 ad

336 1737 494 1800 quemnam
507 1720 648 1800 primum,
661 1719 858 1780 Alexandrum
871 1735 908 1781 an
921 1719 1066 1781 Haccbum
1083 1718 1278 1781 revocandum
1295 1717 1342 1778 sit.
1376 1716 1500 1795 Agitur

335 1823 415 1885 enim
438 1825 475 1885 de
498 1824 607 1885 stelis
631 1841 704 1903 quas
727 1831 757 1885 et
772 1824 936 1885 Alexander
955 1833 986 1885 et
1001 1824 1130 1885 Haccbus
1142 1823 1307 1894 traduntur,
1329 1829 1364 1882 ut
1390 1821 1496 1882 linem

335 1927 579 2008 peregrinationis
598 1927 805 2006 significarent,
824 1927 948 1989 inludia
968 1929 1113 2008 posuisse.
1144 1925 1495 2003 Cuiusfabulaeduplex

336 2041 381 2093 est
400 2031 491 2102 radix,
509 2031 702 2112 mythologica
717 2032 748 2094 in
761 2031 893 2094 Herculis
906 2032 986 2093 stelis
999 2031 1127 2094 Gadibus
1139 2031 1240 2111 positis
1252 2029 1373 2109 (Herod.
1395 2028 1439 2090 IV
1459 2025 1494 2102 8)

335 2133 474 2198 historica
497 2136 528 2196 in
544 2135 698 2198 duodecim
715 2135 825 2198 altariis
848 2155 922 2215 quae
938 2117 1103 2197 Alexander
1126 2135 1161 2196 ad
1178 2134 1321 2216 Hyphasis
1342 2131 1491 2194 fluminis

334 2239 428 2319 ripam
451 2239 564 2319 posuit,
597 2259 655 2320 quo
678 2239 742 2302 loco
766 2238 957 2319 expeditionis
987 2257 1056 2300 suae
1083 2240 1179 2300 finem.
1196 2239 1274 2300 fecit.
1298 2237 1491 2299 Philostrato

335 2342 380 2420 (V.
403 2343 436 2403 A.
459 2342 484 2402 ll
508 2341 548 2402 43
571 2362 598 2423 p.
623 2343 676 2416 44)
704 2344 775 2406 baec
802 2341 956 2404 duodecim
983 2350 1055 2402 sunt
1081 2342 1199 2420 triginta
1226 2341 1334 2422 quibus
1358 2343 1488 2404 colum-

335 2463 404 2507 nam
439 2447 519 2508 addit
552 2447 598 2508 cui
628 2446 806 2526 inscriptum
834 2454 910 2507 esset
946 2443 1271 2510 ΑΛΕΞΑΝΔΡΟΣ
1301 2446 1487 2508 ENTAY-

335 2549 398 2611 ΘΑ
419 2551 549 2612 ΕΣΤΗ.
582 2549 690 2612 Similis
711 2550 865 2611 columnae
882 2549 1062 2610 mentionem
1072 2547 1237 2610 invenimus
1251 2549 1328 2629 apud
1340 2548 1485 2612 Pseudo·

333 2651 600 2732 Callisthenem10).
656 2655 689 2715 ln
723 2653 843 2716 Palladii
866 2652 946 2714 enim
976 2653 1025 2732 qui
1052 2652 1147 2714 fertur
1174 2652 1210 2713 de
1241 2651 1482 2716 Brachmanibus

334 2755 431 2817 libello
459 2757 610 2832 (rs-cau.
640 2757 679 2817 lli
706 2758 733 2817 7.
762 2755 804 2818 20
831 2777 859 2836 p.
882 2755 941 2816 102
968 2755 1100 2836 Mueller)
1127 2757 1199 2819 stela
1221 2756 1313 2818 luisse
1336 2767 1482 2822 narratur

335 2859 370 2920 ad
394 2859 567 2939 Gangeticas
597 2860 676 2941 ripas
711 2860 758 2922 cui
790 2861 863 2922 haec
885 2860 1025 2940 inscripta
1049 2868 1164 2922 essent:
1205 2855 1421 2944 Ἀλέξανδρος
1459 2856 1480 2924 o‘

336 2960 541 3026 Μακεδόνων
562 2961 695 3044 βασιλεὶ
702 2985 717 3036 ς
740 2961 878 3046 ἔφθασα
900 2965 994 3045 μέχρι
1016 2957 1135 3026 τούτου
1156 2963 1216 3025 τοῦ
1236 2953 1353 3027 τόπου.

339 3113 343 3119 ,
420 3067 463 3128 Ad
486 3067 563 3128 idem
587 3068 714 3130 recurrit
736 3069 814 3148 quod
839 3068 961 3146 legimus
991 3069 1022 3128 in
1045 3067 1210 3136 ,Alexandri
1232 3069 1326 3149 Magni
1354 3069 1390 3131 de
1413 3070 1476 3132 situ

334 3169 434 3232 indiae
457 3171 580 3252 epistola
602 3173 637 3234 ad
653 3171 841 3232 Aristotelem
865 3180 1087 3250 praeceptorem
1111 3190 1198 3232 suum
1222 3163 1298 3235 data‘
1322 3173 1379 3250 (ed.
1395 3173 1477 3236 Pau-

333 3273 383 3334 um
407 3294 436 3355 p.
460 3275 514 3354 ar)
548 3275 592 3360 ae
607 3293 664 3354 que
688 3274 833 3336 assuerus
856 3274 915 3352 ego
936 3274 1181 3336 securissimos
1202 3288 1230 3356 p.
1250 3276 1336 3339 roo:
1359 3277 1475 3358 ‚ibique
1578 3249 1579 3280 ¹

333 3378 428 3456 legato
451 3396 517 3438 meo
545 3378 691 3456 Antigone
714 3379 847 3449 nomine,
875 3395 964 3458 quem
988 3377 1099 3439 Persidi
1122 3398 1359 3462 praeposueram,
1386 3399 1474 3462 proe-

334 3481 407 3560 cepi‚
431 3491 464 3544 ut
480 3481 558 3543 inter
575 3481 644 3542 Pori
657 3481 813 3546 Persarum
838 3489 867 3543 et
882 3481 1125 3562 babylonicorum
1142 3483 1215 3563 pilas
1231 3485 1346 3556 solidas,
1369 3503 1473 3547 aureas

333 3584 407 3646 duas
423 3595 546 3664 pararet,
570 3585 647 3646 etin
672 3584 718 3658 his
734 3585 833 3648 omnia
856 3585 930 3647 lacta
958 3586 1107 3658 scriberet,
1130 3587 1298 3669 laceretque
1320 3589 1351 3650 in
1371 3589 1473 3652 ultima

333 3687 412 3748 india
435 3687 533 3750 Liberi
556 3695 586 3749 et
608 3688 739 3750 Herculis
762 3689 923 3770 trophaea‘

418 3790 512 3851 Etiam
525 3791 659 3854 Herculis
674 3793 761 3854 stelas
777 3793 808 3852 in
830 3793 912 3854 India
924 3795 1123 3856 Alexandrum
1147 3797 1253 3858 vidisse
1268 3796 1392 3874 legimus
1406 3796 1470 3857 Pa.-

333 3893 400 3954 Call.
424 3893 471 3955 lll.
495 3893 546 3966 27,
574 3894 709 3957 Herculis
732 3906 761 3957 et
784 3896 889 3958 Bacchi
917 3897 1007 3960 babes
1029 3899 1061 3960 in
1084 3899 1203 3979 epistola
1227 3901 1260 3961 ad
1284 3901 1469 3963 Aristotelem
1577 3907 1578 3920 ¹

333 4014 421 4077 supra
455 3998 584 4060 laudata:
621 3999 679 4074 (ed.
707 4001 739 4060 A.
763 3999 875 4061 Paulini
908 4019 937 4080 p.
973 4001 1025 4075 37)
1059 4011 1097 4075 ,et
1120 4003 1241 4084 (Porus)
1271 4005 1306 4065 ad
1340 4004 1469 4066 Herculis

332 4099 490 4180 Liberique
512 4101 653 4182 trophaea
669 4102 800 4164 deduxit.
838 4104 871 4164 In
886 4105 1011 4166 orientis
1035 4115 1134 4168 autem
1155 4107 1267 4170 ultimis
1291 4109 1360 4180 oris,
1383 4127 1469 4170 aurea

332 4204 452 4283 utrique
474 4204 596 4267 deorum
620 4206 778 4268 constituta
801 4215 885 4269 erant
908 4208 1071 4270 simulacra.
1103 4211 1184 4284 Quae
1206 4229 1243 4272 an
1267 4211 1357 4274 solida
1373 4221 1469 4274 esseut

333 4323 387 4385 ego
409 4308 484 4369 scire
506 4309 643 4389 cupiens,
667 4311 765 4371 omnia
789 4310 861 4371 iussi
882 4311 1034 4389 perforari,
1058 4321 1086 4373 et
1108 4331 1227 4376 rursum
1251 4333 1318 4376 cum
1341 4316 1467 4378 viderem
1576 4291 1577 4348 l

332 4409 423 4472 solida
454 4429 529 4486 csse,
562 4413 651 4476 simili
686 4415 803 4478 metallo
833 4415 986 4493 complevi.
1032 4413 1227 4497 liberumque
1259 4430 1288 4481 et
1317 4420 1466 4482 Herculem

332 4514 445 4577 deustis
468 4516 594 4578 victimis
617 4519 735 4598 placavi*
752 4519 799 4596 11).
