3202 5246
792 403 1014 467 ..23-

407 578 608 658 sarcophagus
634 579 686 659 qui
716 597 796 640 nunc
825 579 1014 642 multifariam
1042 587 1225 643 restauratus
1258 591 1304 642 est
1332 580 1495 641 continet

452 701 476 751 o,
499 681 527 754 (l,
551 701 575 754 c,
599 682 645 742 l2.

408 784 543 846 Camelus
565 793 595 845 et
614 783 854 867 camelopardalis
870 803 958 865 supra
974 784 1124 865 elephanti
1146 793 1177 848 et
1192 785 1323 848 Bacchae
1339 785 1362 847 d
1384 785 1494 864 capita

325 895 506 968 comparent.

406 991 536 1052 Bacchus
549 991 627 1052 laeva
640 988 768 1051 habenas
780 997 873 1061 tenet,
889 989 1016 1052 infantes
1028 990 1058 1051 in
1070 990 1181 1052 leaenis
1196 989 1329 1070 lagohola
1342 998 1496 1072 gestant.

408 1116 424 1154 s
447 1113 527 1156 nunc
548 1093 621 1155 ialso
644 1093 757 1174 tropaei
779 1093 844 1155 loco
868 1093 969 1173 thyrso
992 1094 1120 1173 praedita
1145 1101 1199 1154 est.

408 1193 426 1268 ζ
446 1215 503 1277 qua
526 1197 641 1258 ratione
657 1196 805 1277 syringem
822 1203 919 1277 portat
934 1195 1134 1278 suspicionem
1159 1205 1267 1270 moret,
1291 1197 1380 1260 illam
1411 1199 1496 1259 falso

322 1299 353 1360 in
375 1300 473 1362 altaris
496 1301 594 1363 locum
617 1299 808 1362 summissam
833 1318 906 1362 esse.

407 1403 537 1465 Bacchae
559 1405 576 1464 d
601 1404 687 1465 ambo
710 1403 828 1465 brachia
850 1402 980 1484 cymbala
1003 1402 1133 1464 tenentia
1156 1403 1291 1484 suppleta
1313 1412 1408 1466 sunt.

865 1573 924 1635 llll.

281 1711 310 1763 tl
410 1713 458 1772 11.
483 1712 608 1793 Na'poli
631 1731 714 1774 mus.
736 1730 809 1774 naz.
855 1711 953 1773 Eich.
977 1712 1126 1773 continet:
1151 1712 1237 1786 tlh,
1260 1732 1286 1774 c.

408 1814 535 1877 Unicum
559 1816 616 1877 hoo
638 1823 718 1878 extat
739 1815 940 1894 fragmentum
963 1815 1024 1895 typi
1046 1816 1134 1896 plane
1157 1815 1300 1878 eiusdem.

861 2093 930 2154 Vlll.

407 2233 440 2292 ln
464 2230 634 2292 universum
659 2241 727 2311 typo
750 2229 949 2304 hlhsimile,
972 2229 1025 2291 sed
1047 2231 1144 2310 paullo
1160 2231 1244 2293 aliter
1266 2231 1481 2312 compositum

321 2342 383 2396 erat
414 2333 609 2415 anaglyphum
633 2334 668 2394 ad
693 2333 775 2396 cuius
801 2331 876 2414 quae
902 2334 990 2396 hodie
1017 2333 1127 2413 reliqua
1151 2343 1196 2395 est
1218 2335 1393 2413 particulam
1428 2354 1480 2395 me

342 2445 462 2499 nverto:
784 2493 787 2500 ,

280 2545 310 2596 12
408 2540 456 2600 12.
481 2539 560 2601 lnce
583 2538 746 2600 Blundell
769 2539 853 2601 llall.
869 2537 1017 2600 Michaelis
1040 2538 1111 2600 249.
1136 2539 1233 2602 llich.
1332 2585 1336 2592 .

406 2644 546 2707 Continet
568 2643 714 2704 Bacchum
738 2643 770 2704 in
793 2662 892 2716 curru,
915 2642 964 2723 qui
987 2641 1040 2703 alia
1062 2642 1158 2704 iorma
1187 2643 1330 2724 altiorque
1352 2652 1400 2706 est
1424 2650 1475 2704 at-

320 2765 377 2825 que
406 2765 481 2826 qnos
504 2747 600 2808 adhuc
623 2744 759 2817 vidimus,
782 2754 918 2808 stantem.
965 2745 1072 2806 Currui
1095 2746 1272 2808 subiunctae
1294 2755 1365 2808 sunt
1387 2765 1474 2828 pan-

319 2849 420 2911 therae
442 2851 507 2912 siue
529 2849 637 2932 pueris.
694 2848 847 2911 Praeterea
878 2856 1052 2930 comparent
1084 2847 1206 2911 Victoria
1230 2850 1350 2928 Satyrus
1376 2857 1469 2912 retus

320 2952 440 3014 Baccha.
507 3021 508 3024 Ἴ

850 3036 934 3100 vlttt.

407 3384 609 3465 hnaglyphum
627 3385 705 3464 quod
722 3383 863 3464 plenitate
884 3395 980 3446 cetera
996 3388 1117 3462 superat
1133 3398 1315 3461 omnemque
1338 3383 1465 3444 modum

321 3487 437 3548 excedit
475 3488 504 3548 in
535 3487 658 3566 singulis
686 3485 856 3568 saepissime
886 3505 900 3547 a
932 3503 1020 3547 manu
1051 3483 1214 3548 recentiore
1241 3484 1355 3546 videtur
1388 3504 1465 3566 sup-

320 3591 430 3670 pletum
455 3609 529 3652 esso.

404 3692 438 3753 ln
454 3694 623 3756 universum
641 3712 798 3776 expressus
810 3701 857 3755 est
872 3702 958 3774 typus
971 3692 995 3753 h
1006 3693 1037 3752 l:
1062 3689 1166 3752 Socius
1181 3691 1265 3752 adest
1278 3692 1463 3773 victoriaque

320 3805 350 3858 et
369 3797 490 3878 Satyrus
509 3793 526 3869 ζ
539 3798 710 3878 amphoram
728 3805 859 3878 portans.
890 3819 906 3858 ε
921 3807 966 3859 cst
982 3795 1091 3857 Baccha
1107 3793 1171 3856 sine
1187 3803 1315 3876 tropaeo,
1330 3795 1462 3878 corporis

321 3907 401 3962 motu
427 3919 485 3962 non
502 3901 652 3962 dissimilis
676 3901 813 3981 cinnam
835 3900 932 3964 littera
954 3899 973 3960 d
997 3897 1103 3960 notavi.

405 4003 520 4065 Novum
545 4012 635 4083 atque
658 4004 805 4084 singulare
832 4003 929 4066 adhuc
951 4003 1128 4064 elementum
1160 4009 1277 4065 constat
1306 4002 1460 4082 elephanto

320 4124 379 4185 quo
403 4105 520 4167 vehitur
550 4105 692 4168 barbarus
718 4123 808 4167 sonex
832 4119 879 4151 -'
898 4105 1030 4188 captivus
1058 4141 1094 4148 —
1126 4125 1215 4186 quem
1240 4106 1378 4186 Satyrus,
1410 4103 1460 4186 qui

319 4209 400 4270 iuxta
426 4209 613 4290 elephantum
637 4209 757 4282 incedit,
779 4217 936 4272 sustentat.
1361 4211 1368 4220 '

404 4311 521 4374 Silenus
551 4322 702 4393 comparet
739 4312 837 4374 ebrius
877 4314 964 4375 leone
1001 4321 1108 4375 vectus.
1174 4312 1295 4374 Femina
1322 4330 1398 4392 quae
1426 4309 1457 4372 in

317 4423 446 4477 extrema
471 4415 570 4477 dextra
594 4423 744 4496 comperet
769 4415 915 4478 simillima
942 4424 989 4478 est
1013 4416 1039 4478 ei
1066 4435 1153 4496 quam
1183 4416 1287 4478 eodem
1304 4415 1368 4476 loco
1385 4413 1458 4476 vidi·

319 4537 385 4582 mus
415 4519 445 4579 in
477 4537 521 4580 nr.
538 4518 566 4580 6.

278 3188 309 3238 13
408 3178 519 3272 hgmen
532 3177 647 3240 claudat
660 3176 856 3258 sarcophagus
875 3175 923 3237 13.
942 3176 1013 3238 Cas.
1030 3173 1259 3254 Rospigliosi.
1282 3175 1351 3237 ll-ll
1368 3175 1467 3237 2276.
1584 3119 1586 3242 i

320 3279 415 3341 Eioh.
888 3281 891 3290 '
1091 3325 1092 3330 ,
