3202 5246
572 381 701 466 443
749 417 790 428 ..

92 570 342 623 commemorato
376 559 489 638 (Clarae
523 557 591 620 127.
630 559 701 638 148)
738 560 788 640 qui
824 561 855 622 in
891 560 1062 622 universum
1104 557 1249 621 Mercurio

91 663 262 726 Praxitelis
285 671 330 724 331
352 664 540 744 symmetrioo
564 673 647 726 motu
670 681 836 743 expressus.

195 769 315 848 Satyrus
343 790 364 828 3
394 767 442 847 qui
473 768 561 830 modo
590 768 619 829 in
644 767 694 828 13
724 775 878 848 comparet
903 766 981 828 redit
1009 766 1039 827 in
1067 766 1249 846 sarcophago

92 871 294 933 Bolseniensi
311 870 455 948 (Gerhard
473 872 506 932 Α.
524 871 552 932 Β.
574 870 642 944 112,
666 868 695 943 2,
720 868 756 940 3;
779 871 918 944 11313131
940 870 969 930 in
987 871 1153 948 fragmento
1169 868 1249 949 quod

93 974 200 1036 edidit
214 975 351 1036 Bouillon
375 974 475 1038 313313
498 976 548 1036 133
571 973 708 1054 antiques
723 972 772 1036 lll.
801 975 835 1034 11
860 973 974 1053 (Clarae
988 973 1014 1034 ll
1038 973 1108 1044 147,
1133 970 1206 1051 182)
1226 971 1248 1052 ).

194 1078 272 1140 ilaec
292 1077 384 1158 igitur
406 1079 504 1142 omnia
532 1088 730 1151 3313333131,
758 1086 1069 1142 3313333331333131
1092 1085 1172 1139 33113
1195 1084 1250 1154 331,

93 1183 201 1243 luisse
224 1182 406 1245 estatuariis
422 1183 563 1263 exemplis
587 1183 692 1248 3111313.
724 1183 762 1246 Ut
777 1181 913 1245 omittam
929 1199 1034 1242 currus
1056 1197 1124 1242 cum
1145 1177 1249 1240 Libera

95 1287 210 1348 Sileno
230 1285 365 1358 Hercule,
389 1305 464 1364 quos
487 1288 521 1348 ad
539 1286 643 1348 11333111
661 1286 741 1365 bigae
762 1285 929 1366 exemplum
947 1283 1042 1364 quiris
1064 1291 1181 1363 poterat
1202 1282 1249 1344 in·

95 1389 227 1460 ducere,
251 1388 389 1468 captivos,
413 1407 540 1470 quorum
559 1408 636 1452 unus
658 1401 747 1470 atque
770 1388 943 1469 praecipuus
966 1387 1085 1468 quidem
1108 1406 1124 1448 3
1146 1385 1251 1468 11331

96 1494 284 1572 desumptus
307 1502 360 1566 est,
384 1492 539 1556 Herculem
563 1495 658 1556 solum
682 1493 718 1555 de
741 1512 800 1574 quo
823 1491 896 1553 nihil
918 1490 1010 1552 habeo
1033 1491 1112 1571 quod
1135 1490 1250 1562 311331,

96 1596 284 1659 sacrificinm
318 1597 397 1677 qnod
431 1597 520 1661 thiasi
553 1595 775 1676 interpretatori
807 1594 1036 1674 relinquendum
1072 1603 1126 1668 est,
1160 1592 1249 1670 131,

97 1719 199 1780 pauca
222 1699 354 1762 addenda
376 1709 455 1762 sunt.
500 1701 595 1765 Etiam
624 1700 671 1762 hic
699 1711 786 1780 typus
815 1698 848 1758 in
876 1698 971 1762 thiaso
994 1706 1146 1777 comparet
1172 1694 1251 1760 13131

97 1805 134 1864 13
172 1804 289 1864 duobus
331 1804 518 1884 sarcophagis
553 1824 568 1865 a
602 1804 754 1866 Gerbardo
782 1802 869 1864 editis
897 1801 986 1880 (1.8.
1016 1800 1090 1876 112)
1120 1818 1248 1881 quorum

99 1925 185 1969 unus
209 1917 255 1970 est
269 1907 449 1969 Farnesinns
470 1908 544 1971 alter
559 1909 701 1970 Rolsenae
716 1916 797 1970 extat
819 1907 850 1966 in
864 1905 940 1978 1313,
964 1915 992 1966 31
1015 1906 1045 1967 13
1061 1904 1249 1966 celeberrima

97 2021 208 2092 patera
237 2020 327 2072 aurea
350 2011 500 2073 Pennensi
523 2011 626 2087 (Millin
654 2028 733 2072 mon.
758 2011 838 2072 1331.
867 2009 889 2070 l.
919 2009 969 2080 37,
998 2009 1035 2070 31.
1058 2007 1129 2070 Gall.
1159 2008 1249 2088 myth.

102 2112 279 2192 stolae)
302 2132 377 2193 quae
400 2113 454 2175 alia
483 2125 634 2194 praeterea
657 2114 825 2176 communia
854 2113 942 2176 habet
971 2132 1038 2174 cunr
1061 2112 1249 2193 sarcophagis

99 2223 263 2282 elementa.
298 2218 354 2280 Sed
379 2219 575 2300 antiquiorem
600 2217 743 2281 habemns
766 2229 874 2282 testem
896 2236 912 2278 a
935 2215 1086 2297 triumpho
1108 2217 1248 2290 alienum,

99 2324 253 2404 picturam
276 2320 341 2383 1133
366 2322 575 2402 Pompeianam
598 2323 706 2384 editam
728 2323 760 2386 in
783 2322 911 2383 Giornal.
933 2321 963 2382 1.
986 2321 1068 2382 Scav.
1092 2321 1120 2382 d.
1144 2321 1247 2402 Pomp.

100 2429 138 2488 N.
166 2422 196 2487 S.
219 2427 232 2487 l
261 2433 318 2486 131.
341 2425 440 2486 illia
469 2445 525 2506 qua
547 2426 687 2489 Hercules
716 2438 760 2491 est
791 2425 890 2491 ebrius
918 2425 949 2486 in
979 2424 1072 2488 thiaso
1106 2424 1247 2486 Bacchico

100 2527 275 2590 simillimus
295 2539 365 2610 typo
388 2532 427 2603 l„
451 2531 535 2594 deest
550 2531 682 2612 Nympha
706 2551 721 2592 a
745 2531 845 2594 dextra
869 2529 943 2601 eius,
966 2528 1017 2590 331
1042 2547 1057 2590 3
1078 2530 1157 2590 13313
1181 2535 1248 2600 3131,

100 2631 156 2693 ubi
179 2631 211 2692 in
234 2633 420 2713 sarcophagis
444 2643 491 2697 331
505 2637 635 2716 Satyrus,
659 2635 823 2716 eodemque
838 2641 927 2715 atque
941 2632 990 2696 ille
1013 2633 1101 2694 modo
1125 2650 1248 2696 manum

103 2736 243 2798 Herculis
267 2747 357 2800 13331.
387 2736 431 2798 11
454 2738 511 2800 hoo
531 2738 621 2818 igitur
636 2739 784 2800 elemento
808 2755 889 2800 nnnc
906 2737 1056 2800 abstinere
1077 2755 1248 2818 possumus,

102 2857 177 2901 nam
206 2840 242 2901 31
269 2841 412 2922 triumphi
434 2841 526 2904 131131
548 2843 739 2922 archetypum
763 2841 999 2921 recuperandum
1030 2840 1103 2902 nihil
1131 2840 1247 2922 valet2).

192 2944 302 3006 Prioris
325 2945 438 3008 ordinis
462 2945 604 3008 elementa
628 2945 830 3026 composuisse
844 2955 1008 3009 statuarum
1031 2943 1136 3007 seriem
1160 2963 1249 3027 snpra

102 3049 312 3111 demonstrare
335 3059 458 3113 conatus
482 3067 558 3120 sum,
588 3049 675 3111 huius
698 3048 810 3111 ordinis
840 3049 997 3110 maximam
1020 3057 1133 3129 3311331
1158 3048 1249 3111 131333

101 3162 228 3226 3131333,
257 3171 304 3214 313
327 3151 392 3215 Tibi
415 3153 556 3234 probasse
579 3171 677 3234 spero.
702 3152 831 3216 Putasne
853 3152 899 3213 Tu
927 3171 1010 3226 enm,
1039 3152 1089 3234 qui
1118 3152 1249 3234 primum

102 3256 141 3318 ad
169 3256 365 3337 anaglyphum
396 3276 454 3338 quo
483 3257 630 3320 Bacchum
656 3257 813 3322 induceret
841 3257 877 3319 13
903 3256 985 3318 13113
1008 3256 1248 3337 triumphantem

104 3359 340 3439 exsculpendum
363 3361 497 3421 animum
523 3362 685 3436 induxerit,
714 3361 847 3442 undique
870 3361 1024 3440 collegisse
1046 3368 1158 3423 statuas
1181 3359 1247 3439 qui·

79 3463 162 3548 ⁴bus
183 3462 214 3522 13
243 3464 405 3544 anaglypho
432 3464 567 3526 13313313
597 3483 651 3545 313
686 3465 902 3546 exemplaribus
930 3459 1087 3528 utereturi
1109 3498 1152 3506 -
1174 3461 1249 3524 Nam

104 3565 159 3626 alia
182 3585 229 3627 res
253 3574 297 3627 est
325 3567 357 3628 in
379 3567 443 3629 aliis
465 3567 650 3648 sarcophagis
678 3569 709 3630 13
738 3569 846 3649 quihus
877 3569 925 3630 hic
947 3568 1005 3630 illie
1035 3567 1169 3647 singulae
1195 3585 1248 3629 311-
1316 3625 1324 3642 ,

107 3687 227 3750 pressae
250 3680 320 3733 3331
346 3671 689 3735 3131333-131111
723 3690 842 3752 quoque
872 3671 932 3734 veri
964 3671 1091 3734 similius
1124 3671 1248 3746 videtur,

106 3781 271 3836 statuarum
293 3775 401 3837 seriem
425 3775 521 3854 (cuins
544 3776 660 3856 generis
678 3775 865 3840 notissimum
883 3777 1050 3857 exemplum
1074 3785 1121 3838 est
1136 3774 1247 3837 donum

106 3876 279 3959 Attalicum)
310 3879 337 3942 ci
364 3889 433 3943 ante
461 3881 561 3943 oculos
588 3880 688 3955 131333,
720 3900 795 3962 quae
823 3879 953 3942 indicam
983 3898 1123 3960 pompam
1152 3879 1249 3960 expri-

106 3977 223 4041 meret?

174 4175 196 4238 ¹)
214 4175 279 4226 linio
298 4175 392 4244 Satyro
411 4177 575 4242 spumati-ico
594 4191 716 4244 expresso
735 4175 829 4228 similis
847 4177 883 4228 sit
900 4176 946 4228 ille
964 4191 1036 4244 33331
1054 4176 1135 4228 edidit
1147 4175 1247 4229 Pottier

108 4261 170 4313 Bnll.
189 4263 220 4313 13
238 4262 266 4313 C.
285 4262 314 4313 H.
336 4261 400 4314 1885
419 4261 450 4312 V.
470 4263 512 4328 qui
530 4263 627 4315 iniuria
645 4260 729 4314 131333
747 4279 803 4315 3333
821 4264 943 4314 Bacchum
962 4264 1054 4330 posuit.

172 4349 192 4411 ²)
211 4347 287 4399 immo
306 4349 330 4398 in
350 4348 425 4410 longe
443 4348 519 4400 aliam
537 4350 694 4416 provinciam
719 4366 749 4400 33
768 4351 884 4401 ducimur
902 4352 1005 4402 collatis
1023 4351 1119 4400 duabus
1138 4349 1247 4416 picturis

108 4435 265 4502 Pompeianis
283 4451 297 4485 3
316 4433 428 4484 lieberto
453 4435 529 4485 editis
548 4437 578 4486 Α.
598 4438 621 4487 d.
640 4436 659 4488 l.
681 4438 746 4489 1884
764 4447 817 4488 131.
840 4438 858 4487 11
879 4438 944 4502 311,
972 4439 995 4488 13
1014 4437 1105 4504 quihus
1124 4436 1248 4486 113133133

108 4522 200 4586 bugam
219 4519 363 4587 opprimens
381 4526 423 4571 est
441 4534 585 4587 expressus.
