3202 5246
600 397 820 459 -25..

219 712 254 773 ln
269 713 430 795 anaglypho
453 732 512 797 quo
535 713 671 774 dextrum
693 711 866 792 sarcophagi
889 714 965 774 latus
988 722 1127 775 ornatum
1151 723 1196 782 est
1219 713 1278 775 Pan

104 815 323 894 conspicitur
345 816 449 877 cistam
466 816 619 896 mysticam
642 814 828 878 transsiliens
844 823 873 876 et
889 817 999 878 Raccha
1022 819 1051 886 h,
1074 817 1203 896 quaein
1226 818 1281 878 hac

104 917 220 978 classi
236 937 332 997 usque
349 919 383 980 ad
399 919 428 979 id
444 928 565 998 tempus
587 919 619 980 in
634 918 757 980 adverso
772 919 1017 999 sarcophagorum
1040 919 1130 980 latere
1147 921 1279 981 nondum

106 1019 256 1080 inventa
273 1030 326 1082 est.
351 1023 486 1084 Ceterum
502 1041 563 1085 non
580 1039 702 1102 prorsus
718 1039 784 1082 cum
808 1030 877 1102 typo
893 1023 912 1083 h
929 1021 1073 1093 convenit,
1098 1022 1205 1103 quippe
1221 1041 1280 1102 quo

107 1122 320 1202 exprimatur
346 1113 456 1188 Baccha
484 1127 672 1188 dextrorsum
695 1142 818 1186 currens
844 1126 967 1205 pedibus
993 1125 1185 1188 distantibus:
1210 1125 1281 1188 haec

106 1235 235 1286 autem
262 1245 329 1290 cum
356 1228 396 1290 ita
420 1229 509 1310 pedes
539 1227 685 1309 posuerit,
719 1235 753 1288 ut
785 1229 887 1290 dexter
913 1237 992 1290 esset
1019 1238 1087 1291 ante
1115 1228 1279 1300 sinistrum,

110 1329 254 1390 videtur
280 1329 402 1406 saltare3
425 1325 536 1393 accedit
563 1332 640 1411 quod
668 1348 728 1392 non
755 1331 826 1392 satis
852 1330 1014 1410 dispicitur,
1037 1331 1215 1412 cymbalisne
1241 1350 1278 1392 an

110 1439 278 1511 tympano
307 1433 345 1494 sit
359 1434 510 1496 instructa.
529 1434 630 1495 Potest
651 1433 790 1512 igiturex
808 1433 928 1514 obliquo
945 1435 1008 1496 cius
1031 1453 1119 1514 quem
1142 1435 1240 1496 littera
1262 1454 1280 1514 g

112 1536 236 1596 notavi
260 1536 355 1598 cllicta
378 1555 444 1598 csse
465 1538 608 1617 exemplo.

694 1649 723 1710 b.

223 1759 314 1822 Latus
331 1759 455 1822 alterum
472 1761 609 1841 Satyrum
625 1759 744 1823 exbibet
760 1771 788 1823 et
803 1761 945 1824 Baccham
961 1763 1052 1842 lyram
1070 1761 1280 1824 modulantem.

693 1926 728 1988 ll.
786 1937 789 1944 '

229 2037 258 2098 6.
276 2037 425 2100 (lautino
437 2039 620 2118 Borghese.
638 2039 708 2100 Gori
723 2039 749 2100 J.
764 2041 797 2101 Α.
814 2040 847 2100 Ε.
863 2040 909 2102 lll.
926 2038 977 2100 29.
993 2039 1092 2102 Eich.
1109 2040 1280 2120 hnaglyphi‚
1306 2060 1322 2109 6

123 2141 219 2220 quod
242 2141 311 2202 olim
334 2140 493 2204 Florentiis
516 2150 580 2204 erat
601 2143 632 2203 in
655 2142 762 2222 palatio
784 2142 914 2216 Moretti,
943 2143 1020 2204 unde
1043 2144 1194 2223 cognitum
1217 2152 1281 2204 erat

120 2245 237 2316 Genio,
267 2262 320 2324 per
346 2245 467 2324 longum
498 2245 638 2325 temporis
667 2245 794 2325 spatium
826 2245 968 2308 memoria
991 2256 1164 2318 evanuerat,
1187 2247 1281 2308 donec

122 2367 235 2427 nuper
248 2347 398 2410 liicblerus
421 2349 449 2409 id
473 2349 583 2411 detexit
603 2349 633 2410 iu
654 2350 724 2410 cella
746 2349 794 2411 illa
816 2369 832 2410 a
854 2369 887 2411 se
901 2359 1026 2430 reperta.
1060 2350 1141 2430 Opus
1164 2349 1280 2411 videtur

124 2451 268 2513 melioris
300 2459 384 2513 notae
413 2471 478 2514 esse
508 2470 595 2532 quam
633 2453 826 2527 antecedens3
860 2471 940 2514 nunc
967 2451 1156 2516 multifariam
1184 2453 1278 2515 inter-

123 2555 278 2636 polatoris
295 2563 451 2636 expertum
468 2564 512 2618 est
527 2573 658 2627 manum,
681 2556 732 2636 qui
753 2556 783 2618 in
806 2555 902 2618 media
925 2565 1009 2637 parte
1025 2575 1167 2636 magnum
1182 2557 1278 2618 inter-

126 2659 239 2739 posuit
260 2663 476 2736 fragmentum,
499 2658 546 2720 cui
569 2659 641 2720 nihil
664 2679 731 2720 curu
754 2660 810 2721 boc
832 2678 992 2722 commuue
1014 2669 1067 2722 est.
1112 2659 1277 2739 lnterpola-

126 2761 268 2824 tionibus
292 2770 373 2824 vacat
395 2761 569 2842 sarcophagi
592 2743 681 2841 quam
705 2762 787 2824 dedit
808 2763 878 2826 Gori
900 2763 1007 2842 imago.

266 2885 290 2940 c,
314 2866 342 2938 d,
365 2885 391 2938 c,
414 2865 434 2925 l.

224 2968 258 3030 ln
282 2977 413 3030 extrema
434 2986 541 3030 scaena
563 2967 692 3030 camelus
715 2967 898 3048 conspicitur
919 2978 970 3030 aut
992 2968 1242 3048 camelopardalis.

224 3072 328 3134 Bacchi
350 3073 430 3134 laeva
453 3089 559 3134 manus
589 3079 753 3134 restaurata
784 3080 845 3144 cst,
873 3071 913 3134 ita
936 3081 970 3134 ut
992 3071 1064 3134 nihil
1092 3073 1129 3134 de
1152 3071 1278 3152 genuina

131 3176 232 3238 forma
255 3183 387 3250 constet3
410 3175 540 3238 habenas
562 3175 695 3238 tenuisse
717 3194 779 3238 non
803 3175 863 3236 veri
885 3182 930 3237 est
952 3175 1100 3237 dissimile.

223 3300 244 3338 a
267 3299 320 3340 suc
337 3278 400 3341 loco
423 3297 485 3340 non
501 3287 662 3358 comparet,
685 3278 735 3340 ubi
759 3278 784 3340 si
800 3278 899 3341 omnia
922 3277 1112 3351 lineamenta,
1137 3285 1169 3340 ut
1184 3285 1279 3357 potes,

136 3382 273 3462 sequeris
296 3382 398 3462 capitis
421 3378 600 3460 barbatae(‘l)
623 3382 788 3461 conspicies
810 3382 955 3463 reliquias,
980 3383 1032 3444 sed
1055 3380 1210 3444 summissa
1235 3389 1280 3442 est

136 3487 266 3548 Victoria
295 3485 447 3547 inlocum
471 3484 566 3564 Satyri
588 3486 619 3565 β.
664 3485 737 3546 Nam
761 3494 848 3565 caput
870 3487 1035 3556 adversum,
1052 3485 1135 3570 ⁸quod
1159 3504 1175 3545 a
1198 3485 1278 3546 laeva

135 3588 185 3650 dei
210 3598 264 3661 cst,
288 3587 465 3650 femininum
486 3605 551 3648 esse
574 3587 720 3667 imprimis
743 3607 778 3650 eo
801 3589 889 3650 modo
913 3608 972 3669 quo
994 3607 1096 3652 comae
1119 3589 1279 3650 adornatae

137 3700 211 3754 sunt
231 3691 384 3763 evincitur,
407 3699 472 3752 tum
495 3691 556 3752 alac
580 3691 697 3770 vestigia
719 3711 811 3772 paene
831 3693 953 3754 evanida
976 3712 1054 3772 pone
1075 3693 1123 3755 dei
1140 3712 1276 3754 umerum

137 3793 372 3874 distinguuntur.
415 3793 520 3856 llanus
544 3793 644 3856 dextra
669 3795 812 3858 Victoriae
835 3795 891 3858 sub
914 3795 1017 3857 Bacchi
1040 3797 1083 3857 ala
1111 3796 1190 3858 iuxta
1214 3796 1278 3858 eius

136 3916 239 3960 coram
260 3906 421 3978 comparet.
454 3894 530 3968 lest
546 3897 674 3976 Satyrus.
705 3899 820 3960 dnunc
834 3899 873 3960 ita
890 3906 935 3960 est
950 3907 1111 3980 restaurata
1129 3911 1161 3964 ut
1176 3900 1276 3962 dextra

137 4009 249 4063 vestem
262 4009 372 4074 teneat,
388 4003 465 4064 laeva
478 4019 534 4081 qua
546 4007 719 4082 tympanum
736 4009 834 4084 portat
849 4002 880 4064 iu
893 4020 996 4064 umero
1012 4002 1139 4080 genuina
1155 4002 1276 4063 videtur.

222 4103 264 4164 Ab
288 4103 421 4166 llerculis
445 4106 545 4166 dextra
568 4115 719 4186 comparet
741 4106 857 4178 lemine,
882 4125 897 4168 a
919 4114 1001 4184 tergo
1025 4124 1177 4187 expressa,
1201 4123 1277 4185 quae

125 4215 237 4280 utrum
261 4209 300 4270 sit
322 4210 449 4290 nympha
472 4227 539 4271 cum
555 4209 679 4271 Hercule
695 4208 968 4289 componenda,‚an
984 4217 1096 4288 partem
1117 4207 1278 4270 coniecerit

138 4311 280 4383 sacrificii,
302 4313 334 4374 in
357 4332 415 4393 quo
439 4333 463 4374 e.
488 4332 515 4392 g.
539 4313 626 4374 etiam
649 4313 679 4374 in
703 4331 745 4374 nr.
772 4313 810 4372 15
833 4311 1016 4391 comparebit
1041 4311 1145 4374 simibs
1174 4311 1277 4390 ligura,

138 4431 220 4476 nunc
242 4413 412 4475 discernere
436 4432 496 4474 uon
519 4415 624 4476 audeo.

224 4515 420 4578 Scribeudum
444 4517 532 4596 igitur
555 4528 601 4578 est
623 4526 687 4580 aut:
711 4521 724 4578 f
744 4537 788 4580 nr.
814 4517 842 4592 2,
866 4521 953 4578 autf
985 4518 1012 4576 1.
1037 4536 1061 4577 z.
