3202 5246
597 381 868 473 ...9-.’

102 580 217 650 Tyana
236 583 278 634 eiu
297 585 391 635 volsar
411 585 473 636 cdcr
491 586 533 636 eiu
553 585 687 651 betriigcr‚
714 588 776 639 oder
801 587 842 638 eiu
869 588 1022 640 schviirmcr
1040 590 1091 640 uad
1108 587 1266 641 lauetihcrt'

104 668 259 734 (Licgnitz
278 671 365 735 1861).

193 756 231 822 ¹¹)
248 757 339 810 Tertia
356 759 469 810 eiusdem
489 759 592 824 generis
604 759 713 810 historia
728 760 837 810 recurrit
849 759 875 812 iu
888 761 1103 814 Ps=CaiIistheuis
1116 763 1267 814 recensione

104 841 165 892 illa
188 843 303 894 maxime
323 845 491 910 interpolata,
519 860 590 910 qnam
609 844 713 896 exhibet
730 845 790 896 Cod.
809 846 944 898 Parisinus
979 847 1074 915 (Suppl.
1093 848 1136 900 Nr.
1160 850 1207 902 113
1235 848 1267 900 ci.

104 928 240 980 Mueller
253 946 292 996 pp.
305 929 330 980 X
344 939 370 981 ct
380 930 437 984 XV.
450 931 562 996 Zachcr,
575 930 673 982 Pseudo
684 932 853 984 Callisthenes
866 949 905 1000 pp.
921 934 952 985 10
964 943 991 986 et
1004 935 1046 997 13)
1058 934 1169 986 PsCall.
1182 935 1210 986 II.
1226 935 1267 986 et.

104 1012 274 1078 „Aesidn'w
291 1015 319 1070 dd
336 1015 454 1084 τὴντῶν
473 1013 574 1090 ἀγρίων
590 1016 698 1070 ἐκείναιν
716 1009 814 1086 χώραν
832 1014 870 1070 dc'
885 1015 993 1089 ἡμερῶν
1009 1020 1100 1085 πέντε,
1118 1020 1159 1078 ἐἰς
1176 1021 1269 1093 ἑτέραν

105 1101 255 1166 κατέλαβε
275 1101 336 1170 γῆν,
353 1103 421 1158 ἔνθα
439 1104 535 1167 στῆλαι
552 1101 723 1170 εἱστήκεισαν
741 1096 796 1155 δύω
810 1107 925 1176 χρυσαῖ,
942 1108 995 1174 μία
1012 1105 1064 1176 μὲν
1081 1100 1187 1180 ἀνδρός,
1204 1104 1220 1173 ἡ
1240 1106 1269 1160 δὲ

105 1189 201 1258 ἑτέρα
222 1181 357 1258 γυναικός·
378 1183 421 1249 αἷς
437 1191 591 1262 περιτυχὼν
604 1188 779 1258 Ἀλέξανδρος
805 1193 871 1260 ἔφη·
891 1189 1053 1262 Ἡρακλέους
1069 1195 1163 1260 σιῆνῑαι
1180 1180 1267 1262 αὗται,

106 1280 163 1330 καὶ
184 1267 396 1346 Σεμιράμεως.“
684 1333 686 1336 .

192 1365 230 1427 ¹²)
250 1363 328 1430 Quam
346 1367 412 1418 male
430 1367 511 1417 adbuc
529 1367 560 1416 de
578 1365 685 1416 Diodori
703 1364 816 1417 lontibus
836 1369 952 1434 quaestio
965 1384 992 1419 sc
1015 1369 1119 1434 habeat,
1143 1372 1268 1438 colligere

108 1455 186 1504 licet
208 1469 265 1504 cum
283 1470 315 1504 ox
333 1470 363 1506 eo
382 1455 447 1521 quod
465 1455 613 1504 dissertatio
633 1454 715 1520 qualis
733 1454 880 1504 Schneideri
904 1461 944 1506 est
970 1455 1000 1505 de
1024 1456 1130 1508 Diodori
1155 1456 1266 1510 fontibus

110 1540 252 1606 inscripta
271 1527 370 1591 cmniuc
389 1541 473 1606 potuit
491 1540 583 1604 redigi,
604 1547 655 1608 tpm
673 1541 736 1606 quod
756 1539 800 1590 vel
817 1539 950 1592 Eduardus
969 1542 1100 1593 Schwartz
1125 1546 1166 1610 qui
1195 1561 1268 1612 prae-

110 1628 196 1677 clara
215 1627 256 1678 his
275 1627 350 1678 rebus
369 1627 500 1693 praestitit
519 1627 623 1678 videtur
641 1627 667 1676 in
686 1641 788 1677 errores
807 1627 937 1678 incidisse.
971 1619 973 1628 ¹

194 1713 230 1780 l⁸)
252 1713 368 1780 Euripid.
391 1714 480 1764 Bacch.
500 1729 524 1763 v.
543 1713 593 1764 275
612 1729 674 1780 sqq,
697 1727 770 1778 quem
792 1713 906 1779 sequitur
924 1705 1050 1764 Diodorus
1068 1714 1101 1766 lV
1120 1717 1144 1767 3,
1188 1717 1267 1768 Isdem

111 1799 252 1866 exemplis
272 1816 333 1850 usus
351 1807 408 1850 erat
425 1799 558 1866 Euripidis
576 1800 690 1867 aequalis
709 1798 836 1872 Prodicus*
850 1801 891 1851 cui
904 1801 1017 1852 assensit
1029 1801 1153 1854 Persaeus
1166 1803 1268 1856 Stoicus

112 1884 209 1950 (Diels
229 1887 332 1938 Hermes
350 1885 409 1938 XIII
429 1887 463 1949 1).

194 1972 228 2036 ¹⁴)
252 1973 307 2023 Iam
325 1987 357 2022 cx
376 1989 502 2024 armornm
521 1989 569 2022 usu
587 1973 682 2040 aliquid
701 1974 731 2023 ad
749 1974 812 2024 hanc
831 1973 1001 2039 quaestionem
1015 1977 1153 2027 redundat:
1173 1979 1268 2043 primae

113 2059 259 2110 versionis
282 2061 308 2109 B.
327 2060 378 2109 dux
396 2059 517 2111 militaris
540 2075 588 2110 nou
617 2060 666 2110 nisi
687 2060 772 2123 ¹iustis
792 2061 875 2120 tarmis
903 2059 1004 2110 bellicis
1033 2077 1144 2126 pugnare
1172 2064 1269 2129 debuit,

114 2161 188 2210 quae
209 2161 251 2195 res
270 2160 325 2195 cum
342 2160 387 2211 per
406 2161 432 2196 sc
453 2153 564 2212 pateret,
582 2145 606 2194 iu
630 2145 759 2214 plerisque
777 2146 968 2198 narrationibus
985 2147 1050 2198 nihil
1068 2150 1098 2198 de
1118 2150 1207 2202 Bacchi
1225 2160 1269 2202 aut

114 2232 205 2282 thiasi
232 2239 331 2282 armatu
354 2232 447 2283 dictum
475 2239 528 2295 est3
555 2231 599 2281 nbi
625 2240 709 2283 eutem
736 2233 916 2284 describuntur
942 2248 1011 2284 arma
1037 2233 1112 2301 (apud
1130 2235 1268 2289 Diodorum

118 2319 268 2369 Luciauum
286 2317 451 2384 Polyaenum)
470 2333 595 2384 semper
621 2326 694 2369 su'nt
720 2319 988 2386 thyrsolcnchae‚
1015 2321 1101 2386 thyrsi
1123 2324 1179 2374 acie
1197 2323 1269 2376 loliis

116 2411 197 2455 tecta
219 2405 336 2470 praediti,
354 2403 583 2471 ‘pragmaticorum’
602 2421 663 2456 sanc
681 2406 798 2458 inventio
818 2419 880 2471 quae
898 2413 981 2456 tamen
1007 2407 1043 2458 ita
1062 2410 1210 2473 posteritati
1228 2427 1270 2462 ar·

117 2491 230 2541 ridebat
250 2491 284 2552 (id
303 2492 542 2557 quod-monumenta
562 2491 689 2558 probant),
711 2499 740 2542 ut
766 2509 797 2544 ne
815 2492 879 2558 apud
905 2492 1020 2543 Nonnum
1039 2493 1137 2559 quidem
1164 2512 1270 2561 prorsus

118 2585 313 2643 evanesceret,
339 2579 382 2644 qui
400 2585 429 2628 ut
446 2581 472 2627 in
491 2579 550 2628 aliis
567 2579 700 2644 permultis
718 2579 754 2629 ita
773 2580 800 2630 iu
816 2581 863 2630 hac
881 2596 978 2646 quoque
996 2597 1022 2631 re
1041 2597 1129 2646 parum
1146 2582 1197 2633 sibi
1210 2599 1269 2633 ccu-

119 2671 199 2714 staus
219 2671 245 2714 et
263 2665 366 2734 diversa
385 2667 496 2716 miscens
514 2679 590 2732 saepe
609 2664 731 2714 Bacchum
749 2665 875 2716 interdum
893 2668 971 2718 etiam
988 2669 1097 2718 thiasum
1108 2666 1171 2718 lacit
1190 2671 1269 2722 armis

120 2767 199 2814 usos,
217 2766 280 2817 qnae
307 2752 378 2802 nulla
396 2759 482 2802 esseut
510 2751 563 2800 sine
591 2749 694 2800 divinae
722 2759 828 2802 naturae
856 2753 964 2804 viribus.
1001 2755 1194 2822 Thyrsolcncha
1214 2757 1270 2822 ipse

121 2838 189 2887 deus
219 2844 312 2903 pugnat
330 2835 390 2887 XIV
410 2835 469 2901 243,
496 2834 568 2889 XVII
587 2835 637 2885 232
656 2834 766 2887 sortasse
786 2839 862 2888 etiam
881 2839 958 2892 XXV
977 2841 1018 2890 72.
1055 2841 1172 2892 Diversis
1190 2844 1269 2894 armis

122 2923 212 2974 utitur
231 2921 309 2974 XXX
328 2923 378 2995 299
390 2939 426 2990 sq.
446 2923 514 2972 inter
532 2936 594 2987 quac
613 2911 736 2990 φνλεὺιον
752 2921 831 2990 ἔγχος
857 2941 905 2974 non
932 2927 1035 2977 videtur
1053 2943 1067 2977 a
1089 2928 1270 2993 thyreoloucha

123 3009 262 3060 diversum
281 3024 350 3072 csse3
368 3009 394 3058 in
413 3009 505 3059 iisdem
523 3016 606 3058 autem
624 3008 741 3060 versibus
760 3009 836 3060 etiem
855 3013 949 3086 φντῶν
961 3011 1077 3064 {teneaat
1096 3020 1121 3063 et
1137 3007 1271 3083 εἰόρπηκι

122 3089 256 3167 κορύμβῳ
273 3097 393 3148 vulnerat
411 3095 582 3160 adversarios,
601 3095 641 3146 his
660 3096 723 3146 adde
742 3095 813 3148 XVII
832 3097 882 3148 263
895 3113 946 3164 sqq.
966 3105 992 3150 et
1007 3096 1057 3149 XL
1076 3100 1108 3150 93
1121 3117 1174 3166 sqq.

197 3180 307 3232 Thiasus
333 3181 516 3248 thyrsolcncba
540 3182 681 3232 instructus
709 3191 749 3233 cst
775 3181 836 3235 XIV
863 3183 913 3234 343
932 3192 959 3236 ct
980 3185 1029 3235 362
1043 3202 1077 3252 sq.
1104 3186 1146 3251 (ci.
1160 3187 1208 3238 395
1221 3190 1271 3254 sq.)

125 3268 194 3318 adde
212 3266 283 3319 XVII
303 3269 351 3319 138
368 3261 477 3335 Βάκχον
496 3263 658 3338 ὁπλοφόροι.
695 3269 788 3321 Contra
808 3271 877 3322 nulla
895 3273 988 3322 hahent
1009 3287 1078 3323 arma
1098 3273 1184 3342 Satyri
1197 3273 1269 3327 XVII

127 3356 159 3404 15
174 3371 229 3421 sqq.
248 3361 274 3404 et
292 3353 400 3406 XXVIII
422 3355 453 3404 18
466 3370 517 3420 sqq.
554 3354 640 3422 Neque
659 3357 758 3408 omuino
778 3373 823 3422 pro
842 3359 946 3410 thorace
965 3359 1037 3423 galea
1056 3359 1138 3426 ellpeo
1151 3361 1269 3412 autdeus

125 3450 172 3492 aut
192 3441 290 3492 thiasus
309 3448 413 3508 praeter
431 3441 561 3492 nabridem
578 3443 696 3493 hederam
715 3444 824 3494 similem
839 3445 986 3496 anaeticum
1001 3452 1116 3496 ornatum
1135 3447 1269 3514 quidquam

126 3524 225 3578 icrunt.
252 3527 284 3579 cf.
314 3527 373 3581 XIV
394 3528 450 3594 129,
478 3529 528 3580 230
549 3545 600 3596 sqq.
629 3528 739 3583 XXVIII
767 3530 807 3580 29.
861 3531 950 3582 Comes
982 3532 1105 3596 anguibus
1134 3533 1215 3599 cingit
1242 3536 1273 3586 B.'

130 3613 228 3668 XLVII
245 3617 305 3667 646.
730 3651 732 3661 ·

201 3700 271 3751 accc
290 3717 353 3768 qnae
370 3701 505 3754 Morrheus
523 3700 640 3752 Indorum
658 3718 705 3754 rex
722 3703 847 3755 declamat
862 3703 942 3756 XXX
956 3706 1054 3758 16-3t
1067 3714 1093 3758 ct
1105 3722 1167 3773 quae
1180 3707 1270 3758 dudum

129 3786 250 3854 Lycurgo
269 3788 423 3840 vindicanda
441 3805 498 3839 esse
517 3789 638 3840 videraut
656 3805 699 3840 vv.
719 3790 757 3839 dd.
776 3789 827 3840 XX
846 3791 904 3840 229.

199 3873 270 3925 Nihil
295 3881 386 3926 contra
408 3875 472 3926 hauc
494 3891 547 3926 rem
571 3873 634 3926 iacit
657 3875 720 3942 quod
740 3874 793 3926 XX
811 3877 860 3928 266
884 3878 910 3929 Β.
938 3877 1028 3930 [Venno
1047 3887 1087 3930 est
1101 3880 1271 3947 χαλκοχίιων

130 3975 209 4026 noque
234 3962 298 4028 quod
320 3961 370 4012 Iris
388 3977 451 4027 curn,
470 3977 500 4012 ue
523 3963 651 4012 thoracem
675 3969 702 4012 et
723 3963 819 4026 galeam
844 3963 948 4028 induat,
975 3965 1103 4030 admonct3
1122 3967 1186 4017 talia
1204 3967 1271 4018 cuim

131 4045 222 4097 Nouae
235 4049 380 4118 rhetoricae
393 4049 459 4099 artis
473 4049 553 4111 magis
571 4063 644 4114 quarn
662 4049 821 4099 constantiae
844 4050 870 4100 iu
894 4051 1059 4102 describendo
1078 4053 1191 4103 studioso
1211 4069 1271 4104 cou-

131 4133 245 4184 dcnanda
263 4142 329 4186 sunt.
365 4135 473 4186 Accedit
495 4134 560 4200 qnod
578 4135 690 4200 equidem
710 4135 831 4186 Bacchum
855 4136 927 4199 galea
946 4145 1069 4188 armatum
1087 4138 1189 4189 omuino
1207 4155 1271 4189 uuu-

132 4235 203 4285 quam
222 4223 315 4273 inveni.

200 4307 248 4359 Sed
265 4308 386 4374 graviora
399 4316 459 4359 sunt
470 4308 561 4375 quibus
574 4307 666 4358 bacchi
683 4316 773 4360 natura
785 4309 871 4360 diviua
888 4309 1052 4373 illustratur,
1075 4309 1179 4374 primurn
1198 4311 1271 4362 lacus

133 4394 180 4444 ille
197 4411 268 4462 quem
286 4396 317 4446 de
341 4411 420 4446 cornu
442 4395 482 4445 dci
501 4402 575 4461 pecta
599 4395 740 4460 composuit
762 4393 833 4447 XVII
851 4393 901 4444 232
919 4409 971 4460 sqq.
991 4401 1043 4444 tum
1062 4395 1123 4446 hacc
1142 4397 1270 4461 prodigia:

134 4479 191 4533 XIV
210 4484 259 4535 411
279 4484 340 4533 deus
363 4482 472 4533 fluminis
493 4497 582 4548 aquam
601 4479 690 4550 μέθης
715 4483 798 4552 γέρας
816 4497 829 4532 e
847 4497 926 4532 cornu
950 4479 992 4544 (cl.
1010 4479 1082 4532 XVII
1103 4483 1161 4547 110)
1192 4483 1271 4534 effun-

135 4567 195 4619 dens
212 4568 239 4618 in
257 4569 343 4621 viuum
360 4575 449 4620 mutat.
483 4567 599 4632 (Flumen
618 4583 673 4620 esse
691 4567 771 4634 quod
790 4568 821 4618 in
839 4569 941 4619 lacum
960 4564 1148 4620 effundatur
1166 4570 1270 4635 colligi·
