3202 5246
568 409 785 472 ,Ἡ-

71 585 194 646 Huius
225 586 344 664 generis
373 588 517 666 permulta
548 586 612 647 nori
647 586 787 668 exempla,
821 606 897 666 quae
930 589 1093 649 secundom
1128 589 1244 660 bestias,

71 709 89 751 a
119 690 254 770 quibus
277 689 321 751 dci
346 708 450 752 currus
474 690 624 762 trahiatur,
648 689 761 752 intres
785 691 904 752 ordines
927 691 1092 770 distinguo:

178 793 223 854 ln
248 795 299 854 hl
327 801 397 854 sunt
419 793 578 871 pantherae
600 792 643 852 vel
665 793 791 864 leaenae,

178 897 221 958 in
244 895 298 956 hl
315 895 472 975 elephanti,

179 999 221 1060 in
243 998 301 1060 ΑΒ
325 999 466 1060 centauri.

180 1101 331 1182 Denique,
371 1109 403 1163 ut
440 1101 558 1163 tandem
594 1100 749 1180 aliquando
785 1101 823 1162 sit
856 1101 1020 1181 partitionis
1053 1101 1129 1174 linis,
1168 1104 1242 1164 inter

75 1207 268 1288 anaglypha
291 1223 366 1284 quas
382 1201 515 1264 ordinem
539 1204 895 1284 A1oon1p0nuntsunt
918 1205 948 1266 in
971 1206 1078 1284 quibus
1101 1206 1240 1268 cervicem

73 1310 229 1372 reflectit
252 1307 394 1390 panthere
418 1305 518 1377 altere,
553 1326 629 1386 queo
652 1308 832 1386 complector
855 1306 928 1385 siglo
953 1307 1041 1380 tlte,
1075 1319 1105 1370 et
1136 1310 1188 1372 alie
1211 1310 1241 1372 in

73 1413 208 1494 quibus
234 1430 295 1474 non
317 1409 449 1482 reflectit,
472 1410 642 1489 quaemihi
665 1410 789 1473 audiunt
811 1412 834 1470 A
853 1413 864 1472 l
880 1408 940 1490 b1).

179 1517 238 1580 His
260 1513 430 1597 praemissis
453 1514 563 1594 optime
585 1531 681 1594 spero,
713 1532 760 1574 me
784 1513 1030 1593 sarcophagorum
1059 1516 1143 1576 seriei
1174 1535 1240 1596 per·

76 1620 204 1700 spicue
250 1617 451 1698 disponendae
491 1618 766 1698 enumerendeeque
795 1618 1015 1691 consulturum,
1051 1619 1073 1679 si
1108 1620 1241 1680 omniurn

77 1743 172 1804 quae
196 1723 227 1784 in
243 1722 279 1784 iis
296 1728 488 1801 compareant
504 1719 751 1798 elementoruml)
767 1719 925 1799 praemisse
941 1721 1048 1791 tabule,
1071 1721 1100 1782 in
1117 1723 1240 1801 singulis

77 1825 269 1907 anaglyphis
292 1823 381 1884 modo
397 1824 541 1884 elementa
565 1823 612 1884 ille
636 1822 780 1884 indicabo.
811 1823 906 1903 Aque
923 1823 1030 1894 tabule,
1055 1826 1164 1906 quippe
1182 1845 1238 1906 que

78 1931 213 2010 copiam
239 1930 452 1990 elementorum
481 1926 566 1988 classi
588 1927 643 1988 llh
673 1926 878 1988 communium
902 1926 1048 1989 contineri
1078 1929 1173 2002 velim,
1207 1948 1239 1990 ea

79 2032 225 2095 iudicavi
248 2030 441 2103 excludenda,
475 2049 550 2110 quae
577 2031 668 2090 semel
702 2029 788 2090 modo
818 2029 913 2090 adhuc
948 2030 1017 2090 ntihi
1047 2031 1238 2094 occurrerint.

80 2138 170 2198 Tum
196 2153 321 2217 prorsus
343 2133 458 2214 neglexi
480 2153 555 2214 quae
579 2135 612 2195 ad
638 2153 733 2196 meam
764 2153 824 2196 rem
850 2135 972 2196 minoris
995 2135 1151 2197 rideantur
1175 2154 1238 2196 mo-

83 2241 191 2302 menti
216 2257 313 2318 neque
337 2237 405 2299 huic
420 2239 667 2317 sarcophagorum
691 2237 775 2298 serici
800 2239 915 2318 propria
940 2239 1014 2300 sint:
1040 2237 1147 2300 bestias
1170 2257 1236 2299 cum
1316 2263 1320 2270 ⁴

83 2343 258 2406 Amoribus
274 2342 401 2403 iocantes
425 2340 566 2402 Paniscus
585 2343 718 2403 locorum
736 2341 857 2402 numina
880 2341 967 2404 cistas
991 2341 1128 2422 mysticas
1143 2342 1237 2404 larvas

85 2458 195 2510 cetera
217 2446 279 2508 cius
304 2444 392 2519 modi,
414 2463 488 2524 quae
504 2443 727 2506 Bacchanalium
740 2455 914 2525 apparatum
939 2455 1126 2525 component.

562 2599 683 2681 Typus
714 2601 773 2662 hl.

183 2742 313 2806 lleccbus
343 2749 402 2803 stat
424 2741 454 2801 in
483 2740 593 2813 birote,
621 2759 708 2820 quarn
737 2741 857 2802 trahunt
884 2742 1001 2802 leaenae
1023 2759 1038 2800 a
1062 2741 1140 2802 Pane
1175 2743 1236 2802 loro

89 2850 212 2922 ductae,
225 2847 321 2928 paullo
338 2845 522 2905 dextrorsum
539 2863 650 2915 versus,
669 2844 762 2923 capite
783 2843 878 2923 paullo
894 2843 1098 2906 sinistrorsum
1114 2846 1233 2918 rellero,

89 2957 258 3009 coronatus
282 2954 310 3006 et
333 2947 418 3026 longe
435 2955 502 3026 toga
525 2947 563 3007 ita
581 2947 712 3020 vestitus,
737 2955 768 3007 ut
790 2947 867 3008 nulla
884 2948 1016 3026 corporis
1039 2968 1105 3030 pers
1122 2959 1234 3028 pateat;

90 3050 197 3112 dextra
214 3049 348 3130 thyrsum
361 3059 454 3122 tenet,
467 3051 503 3112 de
519 3051 596 3112 laeva
610 3069 671 3111 non
686 3069 804 3129 semper
818 3051 888 3112 satis
904 3060 1028 3112 constet.
1053 3053 1234 3114 leaenarum

90 3153 290 3232 posteriorem
308 3154 338 3216 in
357 3159 390 3224 ,a‘
407 3161 495 3232 caput
511 3154 662 3216 reflectere
677 3153 735 3215 iam
752 3154 925 3234 supradixi.
949 3155 1072 3217 Leaenis
1088 3155 1235 3217 vehuntur

93 3258 181 3336 pueri
200 3275 267 3319 cum
284 3255 387 3320 baculo
400 3257 541 3329 aculeato,
557 3257 635 3337 quod
651 3257 783 3338 κέντρον
799 3276 901 3336 graece
916 3277 1062 3320 vocamus.
1093 3261 1114 3320 h
1131 3259 1233 3322 Bacchi

94 3432 252 3482 contrarium
273 3438 343 3482 sture
361 3438 454 3498 potest.
491 3430 558 3482 llaec
577 3431 625 3480 dno
645 3446 690 3496 pro
718 3438 789 3481 certo
818 3431 1001 3496 pronuntianda
1030 3439 1099 3482 sunt:
1128 3432 1234 3498 primum

94 3533 140 3584 per
150 3533 178 3570 se
190 3518 254 3568 nihil
263 3533 306 3568 cas
316 3517 418 3580 habers,
432 3533 479 3583 quo
490 3517 520 3566 ed
532 3515 642 3568 lodicum
654 3516 803 3583 triumphum
814 3519 958 3568 necessario
968 3527 1092 3585 spectent,
1102 3525 1153 3568 turn
1166 3534 1233 3569 eom-

95 3621 186 3670 parere
205 3604 282 3654 etiam
301 3605 326 3654 in
345 3604 423 3655 thiasi
442 3603 612 3668 sarcophagis,
631 3603 716 3668 ibique
735 3603 890 3670 saepissime.
1229 3655 1231 3660 ,

163 3692 186 3758 ¹)
202 3690 272 3754 Fuit,
290 3707 344 3741 cum
364 3697 479 3757 putarem
498 3690 592 3742 bestias
611 3691 637 3740 in
656 3691 727 3740 hla
746 3706 803 3740 esse
822 3691 966 3757 pantheras,
984 3691 1010 3741 iu
1029 3691 1072 3742 nt
1089 3691 1230 3755 bleaenas,

93 3778 138 3827 sed
156 3778 187 3828 ad
206 3792 235 3828 sa
253 3791 315 3843 quac
333 3792 409 3843 sopra
428 3777 454 3827 in
474 3776 621 3827 universum
640 3777 670 3826 de
689 3791 717 3826 re
742 3777 870 3840 zoologica
898 3778 1026 3844 disputavi
1054 3778 1099 3827 hoc
1125 3778 1233 3841 accedit,

94 3863 158 3928 qood
178 3878 209 3914 es
229 3864 315 3929 paucis
333 3878 396 3930 quae
416 3879 463 3912 non
483 3864 566 3914 omnia
583 3877 661 3928 neque
675 3862 737 3914 bene
751 3870 853 3914 servata
866 3870 925 3913 sunt
936 3863 1093 3930 anaglyphis,
1111 3879 1232 3930 quorum·
1282 3881 1287 3898 ·

95 3965 142 4014 que
161 3966 210 4000 non
230 3949 335 4000 omnium
355 3949 385 3999 ab
410 3951 496 3998 eodem
518 3949 598 4000 habeo
627 3949 725 4000 editore
753 3949 796 4001 vel
823 3950 919 4016 pictore
946 3951 1067 4012 imagines
1095 3948 1232 4015 conlectos,

97 4036 159 4086 nihil
177 4035 244 4086 certi
263 4037 293 4084 de
311 4035 457 4086 animalium
477 4033 557 4086 forma
576 4036 664 4099 colligi
684 4042 775 4102 potest.
812 4033 917 4087 Nullum
936 4037 1016 4099 igitur
1034 4037 1168 4087 discrimen
1182 4035 1231 4088 leci

95 4137 150 4186 ego,
169 4137 258 4187 neque,
276 4121 299 4172 si
318 4137 346 4172 re
364 4137 427 4173 vera
445 4121 542 4188 antiqui
561 4122 664 4188 opifices
682 4122 784 4174 diversa
802 4120 890 4173 lelium
903 4137 996 4186 genera
1009 4123 1117 4188 exprimi
1130 4122 1233 4173 voluis-

96 4215 152 4258 sent
170 4209 193 4257 in
218 4213 249 4259 ta
268 4216 295 4258 et
316 4207 359 4272 lb,
377 4209 440 4258 hanc
458 4209 489 4258 ob
508 4223 560 4260 rena
579 4210 685 4276 partitio
705 4224 760 4260 msa
779 4207 845 4260 salsa
863 4216 948 4272 esset,
971 4223 1026 4258 nam
1050 4207 1110 4259 aliis
1129 4209 1232 4273 gravio-

95 4293 163 4344 ribus
193 4293 268 4350 nebus
288 4294 387 4346 videbis
406 4295 551 4348 consentire
572 4298 606 4348 la
624 4303 650 4346 et
672 4297 707 4346 lb
726 4302 816 4346 contra
833 4296 849 4346 2
868 4303 894 4346 et
912 4296 936 4346 3.
981 4295 1096 4346 Ceterum
1123 4295 1230 4360 tigrides

95 4386 151 4430 sunt
168 4380 234 4446 apud
253 4378 397 4431 Martialem
415 4379 470 4434 Vlll
487 4380 528 4431 26.
549 4381 572 4432 8.

159 4463 179 4526 ¹)
198 4463 288 4516 Liceat
300 4465 361 4516 mihi
374 4467 420 4516 hoc
433 4466 557 4518 vocabulo
576 4467 614 4519 uti
633 4468 660 4518 in
678 4467 754 4519 rebus
774 4467 975 4531 archaeologicis
994 4466 1129 4518 brevitatis
1152 4468 1230 4532 magis

94 4567 162 4618 quam
180 4551 318 4603 latinitatis
336 4553 460 4604 studioso.
