3202 5246
794 364 1010 428 -50-

332 541 363 604 iu
386 541 489 604 modos
512 560 527 604 a
544 542 612 604 viris
635 541 728 604 doctis
744 541 968 623 interpretando
984 541 1218 623 coniciendoquc
1236 553 1393 624 temptatus
1410 553 1476 605 est.

332 646 466 720 Quorum
496 645 667 719 conamina,
710 663 776 706 curn
814 645 925 726 ‘partim
960 644 1085 706 Eiobleri
1125 647 1254 710 sollertia
1291 647 1479 720 refutentur,

332 750 438 830 partim
482 749 693 830 explicatione,
735 768 824 831 quam
862 749 896 811 ab
933 750 1005 812 artis
1042 750 1186 817 sermonis
1225 757 1260 811 ut
1293 750 1333 813 ita
1374 751 1477 812 dicam

332 852 450 932 aegibus
487 853 590 915 dictari
625 847 761 926 Roberto'
791 854 864 916 duce
899 851 1042 924 intellexi,
1075 853 1156 916 irrita
1196 853 1375 924 reddantur,
1409 873 1480 915 non

332 956 446 1036 singula
469 958 668 1037 perstringere
696 957 728 1018 in
750 958 850 1020 enimn
871 959 978 1020 babeo.

368 1083 371 1088 ·
419 1060 525 1122 Ordior
560 1061 650 1139 igitur
693 1061 728 1124 ab
770 1061 1012 1142 interpretatione
1046 1059 1234 1140 sarcophagi:
1269 1059 1479 1142 luaglypnum

334 1182 392 1244 quo
422 1164 499 1226 latus
521 1164 673 1226 aduersum
705 1173 843 1228 ornatum
867 1174 912 1226 est
932 1165 963 1227 in
986 1165 1058 1227 duas
1082 1172 1180 1244 partes
1210 1161 1355 1224 scinditur
1377 1163 1481 1225 Panos

334 1285 471 1346 persona,
495 1267 544 1347 qui
569 1268 695 1330 mediam
718 1277 801 1332 tenet
830 1268 1009 1348 subligaculo
1045 1268 1168 1330 vestitus
1191 1267 1283 1347 clipeo
1317 1274 1346 1326 et
1367 1266 1479 1345 gladio,

335 1379 369 1430 ut
400 1369 524 1443 videtur,
541 1379 686 1449 armatus3
708 1373 890 1435 transcendit
913 1391 1063 1434 erecessu
1086 1371 1209 1432 veniens
1231 1369 1392 1442 tumulum,
1414 1389 1481 1449 quo

336 1491 420 1534 crura
446 1474 508 1536 eius
531 1483 601 1536 sunt
629 1475 735 1538 abdita.
769 1476 894 1538 Sinistra
921 1495 989 1556 pars
1005 1475 1109 1536 Bnccbi
1139 1491 1228 1536 curru
1261 1473 1374 1553 repleta
1413 1483 1474 1535 est.

336 1577 500 1640 Centauros
522 1578 573 1658 quii
603 1579 630 1640 ei
655 1579 804 1642 subiuncti
835 1588 919 1648 1111-
936 1597 1064 1660 quorum
1088 1577 1268 1640 alteriaculo
1296 1578 1369 1638 alter
1401 1596 1477 1638 arcu

335 1690 453 1760 pugnat,
476 1681 642 1760 aggreditur
673 1682 752 1742 basta
783 1691 812 1742 et
836 1683 930 1762 clipeo
953 1692 1085 1743 armatus
1108 1679 1222 1751 1111111
1250 1680 1359 1754 nudus,
1383 1699 1480 1760 quern

335 1784 534 1846 adversarium
568 1784 672 1846 Bacchi
704 1803 779 1856 esse,
820 1803 998 1864 quamquam
1038 1793 1161 1864 propter
1202 1801 1287 1844 aures
1315 1783 1367 1844 1111
1397 1785 1481 1844 docti

338 1887 433 1948 adbuc
463 1907 530 1948 curn
558 1905 611 1967 pro
634 1887 737 1968 Satyro
760 1887 915 1960 habebant,
938 1890 1066 1968 primum
1090 1886 1135 1948 illa
1157 1885 1221 1965 ipsa
1242 1904 1275 1946 re
1298 1888 1377 1966 quod
1401 1905 1480 1948 cen-

338 1991 437 2052 1111111
459 1991 626 2070 aggreditur
642 1991 833 2054 manifestum
850 2000 903 2063 est,
934 1999 997 2052 1111
1021 2009 1055 2051 11
1077 1990 1216 2051 firmatur
1242 1991 1319 2070 quod
1345 1990 1406 2060 Pan
1422 1992 1479 2070 qui

336 2095 436 2156 dextra
461 2094 574 2156 sublata
595 2094 687 2156 ictum
710 2105 795 2175 parat
812 2097 844 2156 in
861 2095 955 2158 nullos
976 2095 1047 2156 alios
1072 2102 1170 2174 potest
1183 2076 1333 2174 'impetum
1358 2093 1474 2156 iaciens

338 2197 456 2276 cogitari
479 2217 566 2278 quam
591 2197 621 2258 in
649 2197 839 2278 buncetque
867 2217 990 2280 prorsus
1020 2200 1088 2260 huic
1107 2200 1231 2260 similem
1255 2200 1396 2262 iuvenem
1420 2199 1475 2279 qui

337 2299 373 2361 ab
397 2301 485 2361 altera
508 2311 591 2382 parte
621 2310 688 2362 stat.
733 2301 852 2362 Accedit
887 2292 965 2382 guod
1007 2302 1198 2364 barbarorum
1230 2303 1323 2383 capita
1363 2302 1475 2382 quibus

218 2433 221 2440 ·
337 2404 466 2483 operculi
493 2405 590 2483 auguli
614 2403 708 2466 ornati
730 2413 799 2465 sunt
822 2424 944 2484 prorsus
968 2424 1034 2468 cum
1065 2405 1129 2468 istis
1157 2406 1337 2485 conspirant,
1362 2405 1477 2466 babent

338 2508 426 2569 ctiam
451 2509 574 2569 eandem
604 2509 635 2568 in
667 2507 750 2568 labro'
771 2509 925 2588 superiore
961 2508 1096 2582 barbam,
1126 2529 1212 2590 quarn
1245 2509 1339 2570 adbuc
1363 2510 1394 2570 in
1420 2509 1473 2569 Sa·

336 2613 407 2691 tyris
430 2613 565 2674 nondum
588 2610 696 2672 inveni.
731 2591 907 2674 bni'rnalium
932 2623 1030 2676 autern
1062 2631 1149 2674 aures
1180 2630 1239 2673 non
1269 2621 1328 2674 tam
1361 2611 1474 2692 Satyris

340 2716 476 2794 propriae
506 2723 586 2786 1111,
610 2731 697 2795 quarn
728 2713 757 2775 in
789 2715 959 2777 universum
983 2717 1122 2778 omnibus
1158 2715 1229 2777 feris
1264 2715 1473 2795 beluarumque

336 2827 441 2879 natura
469 2819 608 2898 praeditis
638 2819 849 2890 animantibus,
872 2819 950 2880 velut
972 2820 1060 2898 gigas,
1095 2819 1169 2880 lovis
1192 2819 1221 2880 in
1244 2819 1475 2899 gigantomachia

338 2922 515 3000 Pergamena
539 2923 721 2984 adversarius
748 2922 783 2984 iis
805 2931 850 2984 est
872 2923 997 3002 insignis
1020 2957 1061 2966 —
1087 2923 1116 2984 id
1133 2924 1210 3002 quod
1234 2923 1301 2984 ideo
1317 2941 1378 2984 non
1394 2925 1475 3002 parvi

336 3024 454 3085 videtur
481 3001 736 3107 momenti,'quod
770 3047 857 3109 supra
884 3027 1178 3100 vidimus,.extitisse
1207 3026 1321 3087 tabulae
1347 3027 1473 3087 formam
1574 3029 1575 3036 ’

338 3145 393 3206 qua
429 3127 493 3188 lndi
522 3128 551 3189 in
585 3129 737 3207 gigantum
774 3131 870 3193 locum
902 3130 1156 3191 submitterentur.
1226 3127 1328 3191 Trium
1359 3148 1475 3209 quoque

338 3230 442 3309 quiin
477 3232 638 3312 anaglypho
672 3244 845 3313 comparent
876 3243 1062 3295 mortuorum
1097 3242 1232 3312 aspectus
1260 3251 1326 3294 curn
1359 3231 1473 3294 duobus

342 3335 402 3395 istis
425 3336 623 3414 pugnantibus
653 3339 791 3418 congruit
812 3337 860 3416 (cf.
888 3337 1133 3417 Heydemannurn
1163 3337 1182 3396 l.
1214 3337 1233 3396 l.
1264 3356 1292 3416 p.
1327 3339 1396 3406 111,
1424 3337 1474 3416 qui

341 3448 474 3500 mortuos
505 3447 585 3500 recte
615 3439 686 3500 vidit
718 3441 903 3502 adversarios
926 3459 1037 3520 eosque
1060 3440 1242 3515 lndosesse)
1273 3440 1472 3519 deniquenon

338 3543 444 3602 diversi
467 3541 590 3603 suntin
621 3545 789 3624 sarcophagi
827 3545 967 3606 lateribus
997 3545 1169 3622 Satyrorum
1200 3543 1373 3618 adversarii,

425 3647 527 3725 ltaque
554 3645 584 3706 in
613 3647 718 3708 lndum
748 3648 798 3727 qui
829 3647 874 3708 dei
906 3648 1003 3726 bigam
1033 3664 1226 3724 aggressurus
1257 3655 1302 3706 est
1328 3644 1389 3705 Pan
1418 3644 1471 3705 im·
1573 3643 1574 3650 ’

282 3807 285 3814 .
341 3759 443 3830 petum
474 3749 553 3822 lacit,
584 3748 708 3812 alterum
750 3761 902 3831 oppugnat
943 3750 1071 3820 Silenus,
1107 3769 1194 3830 quern
1232 3749 1318 3830 plane
1355 3757 1470 3830 apparet
1573 3819 1574 3826 p

340 3871 399 3914 non
417 3854 595 3914 Amazonem
610 3851 634 3926 ¹)
652 3853 729 3914 illam
754 3872 829 3933 quae
852 3872 927 3932 equo
951 3853 1077 3925 vehitur,
1100 3855 1152 3915 sed
1179 3863 1252 3934 post
1275 3853 1338 3914 eius
1360 3861 1468 3930 tergum

347 3955 452 4016 indum
476 3955 556 4015 illurn
581 3955 664 4016 basta
696 3968 804 4036 petere.
829 3955 984 4018 —Sileni
1015 3957 1111 4018 adhuc
1138 3964 1215 4017 11111
1238 3957 1338 4017 dextra
1364 3955 1468 4016 sublata

341 4077 409 4119 cum
433 4059 533 4119 hastae
555 4059 705 4138 particula,
743 4067 893 4138 praeterea
928 4059 1111 4140 conspicitur
1141 4058 1300 4138 punctillus
1330 4077 1346 4118 a
1376 4057 1467 4119 dextra

274 4151 285 4168 “
342 4163 405 4222 1111
436 4178 524 4241 supra
556 4162 638 4242 clipei
670 4163 831 4241 marginem
865 4197 905 4206 -
941 4163 1031 4224 lndus
1068 4172 1165 4224 autem
1207 4179 1273 4223 cum
1298 4163 1465 4222 Amazonem

407 4389 427 4453 ¹)
445 4406 473 4438 re
491 4403 554 4442 1111
573 4390 724 4440 Amazonem
743 4404 800 4439 osse
819 4395 930 4440 testatur
954 4389 1123 4455 lleydomann.
1141 4390 1159 4438 l.
1178 4389 1196 4438 l.
1215 4390 1380 4454 firmaturque
1403 4387 1466 4439 111111-
1572 4361 1573 4430 l

340 4477 389 4526 lcri
407 4475 502 4526 tabula.
