3202 5246
797 403 1018 468 ...48-

337 587 382 641 est
404 589 519 660 praeter
541 579 693 644 brachium
717 579 863 644 dextmm.
901 582 1087 646 Camelorum
1111 589 1208 646 autem
1232 583 1326 662 capita
1349 600 1431 662 qnae
1462 582 1499 642 in

336 683 456 746 sinistra
479 691 562 764 parte
585 683 817 763 conspiciuntur,
840 703 908 746 cum
931 686 1060 766 genuina
1082 685 1151 760 sint,
1182 705 1198 746 e
1223 686 1333 747 maiore
1355 703 1497 764 compo-

337 786 444 849 sitione
467 787 524 850 hoe
545 791 743 866 fragmentum
766 789 958 870 desumptum
981 809 1062 864 esse,
1089 809 1163 871 quae
1193 788 1346 852 nonnullis
1376 787 1496 868 figuris

336 889 512 974 locupletior
532 891 630 966 luerit,
651 892 850 972 suspicionem
874 902 1001 956 movent.

890 1033 924 1094 V.

238 1191 242 1212 ,
294 1135 327 1184 3²
424 1143 474 1206 32.
498 1143 807 1225 Deniquehiclocum
830 1146 938 1208 haheat
959 1146 1159 1225 fragmentum
1183 1147 1262 1226 quod
1286 1146 1385 1208 adhuc
1416 1147 1492 1208 sin-

337 1247 609 1327 gulareest:Pal.
633 1249 774 1310 Albani.
815 1249 908 1328 Zotga
932 1249 1001 1310 Vlll.
1045 1247 1114 1309 ll-ll
1138 1247 1231 1311 2280.
1275 1249 1344 1312 Pet:
1367 1249 1396 1310 J.

422 1352 634 1431 Fragmentum
657 1353 692 1413 ad
715 1370 762 1412 res
785 1353 940 1413 Bacchicas
973 1353 1122 1434 pertinere
1144 1374 1159 1414 e
1182 1363 1294 1414 cratere
1328 1354 1493 1434 pantheris

337 1457 448 1538 thyrso,
465 1457 513 1536 qni
526 1458 604 1518 inter
626 1456 698 1518 duas
720 1457 829 1535 figuras
851 1456 1036 1536 interpolatas
1060 1465 1216 1536 comparet,
1240 1457 1492 1519 concludendum

338 1569 392 1620 est.
431 1557 632 1639 Expeditionis
655 1559 769 1620 Indicae
791 1561 962 1622 testimonia
984 1559 1174 1640 elephantum
1196 1580 1261 1622 cum
1285 1562 1404 1641 captivo
1428 1579 1493 1622 nec
1574 1577 1575 1588 ¹

339 1679 400 1724 non
424 1663 570 1744 captivum
594 1663 676 1724 ouius
699 1679 803 1724 manns
826 1671 927 1724 catena
959 1663 1053 1724 vincta
1080 1673 1126 1724 est
1153 1665 1250 1728 habet.
1296 1665 1355 1726 Sed
1379 1673 1490 1726 utrum

236 1843 238 1850 Ι
339 1767 397 1829 huc
412 1767 587 1828 trahendum
604 1766 651 1837 sit,
675 1784 711 1826 an
733 1767 876 1848 triumphi
891 1775 960 1848 typo
975 1768 988 1828 l
1004 1768 1234 1842 attribuendum,
1258 1768 1355 1831 adhuc
1371 1769 1490 1830 diiudi-

339 1869 398 1934 cari
420 1887 481 1932 non
507 1879 613 1952 potest.
636 1905 677 1914 -

420 2059 462 2121 lle
486 2060 600 2138 origine
622 2061 685 2122 eius
707 2045 779 2141 t'ypi,
807 2061 856 2141 qni
885 2067 1024 2141 quattuor
1047 2061 1151 2141 primis
1179 2061 1274 2122 subsit
1301 2061 1486 2142 anaglyphis,

340 2163 411 2225 satis
444 2163 538 2224 habeo
569 2163 724 2234 adnotare,
764 2165 865 2225 eadem
896 2165 1041 2226 elementa
1077 2166 1135 2226 ianr
1165 2173 1245 2226 extra
1274 2164 1483 2226 Bacchicarum

339 2267 502 2329 fabularum
519 2267 670 2345 regionem
694 2266 834 2328 inveniri:
858 2267 930 2328 Nam
949 2266 1079 2329 Bacchus
1103 2269 1207 2330 sedens
1224 2268 1258 2328 ad
1283 2268 1368 2330 cuius
1391 2268 1483 2347 pedes

298 2421 303 2434 .
339 2379 504 2451 prostratus
528 2377 573 2431 est
594 2371 718 2449 supplex
739 2388 862 2450 prorsus
892 2371 928 2431 ad
952 2373 1119 2450 exemplum
1147 2371 1332 2451 imperatoris
1354 2370 1483 2434 Romani

341 2493 499 2556 expressus
520 2464 584 2547 est,
618 2473 712 2554 qualis
742 2481 788 2536 est
809 2494 834 2536 e.
858 2493 881 2536 c.
911 2475 942 2536 in
972 2475 1152 2554 sarcophago
1186 2475 1237 2556 qui
1259 2484 1427 2538 asservatur
1449 2475 1482 2537 in

340 2597 444 2640 museo
471 2577 606 2639 Vaticano
633 2575 719 2654 (Mus.
748 2576 912 2640 Pio-Clem.
936 2578 966 2638 V.
984 2578 1022 2640 31
1040 2578 1134 2651 Eich.)
1163 2579 1196 2640 in
1223 2598 1281 2658 quo
1311 2579 1481 2662 triumphus

339 2691 581 2763 repraesentatus
605 2690 660 2742 est.
696 2679 787 2742 Latus
810 2680 945 2742 dextrum
969 2701 1072 2762 pegma
1094 2683 1228 2744 continet
1249 2690 1352 2745 nostro
1376 2685 1480 2754 simile,

339 2785 417 2846 idem
442 2793 487 2846 est
509 2784 541 2846 in
563 2784 646 2846 villae
668 2783 770 2846 Albani
794 2784 956 2864 anaglypho
984 2785 1067 2860 (Eich
1091 2786 1153 2847 454
1175 2785 1207 2848 in
1223 2787 1376 2867 apparatu)
1398 2797 1427 2849 et
1447 2789 1480 2850 in

341 2889 513 2970 anaglypho,
529 2887 608 2968 quod
625 2887 717 2948 estin
733 2905 836 2967 campo
852 2897 954 2949 sancto
971 2888 1077 2950 Pisano
1100 2889 1278 2969 (lluetschke
1294 2889 1344 2951 60.
1378 2891 1479 2971 Eion).

426 2992 517 3064 Adde,
540 3009 614 3071 quae
637 2998 773 3070 pegmate
796 3000 911 3064 carent,
938 2992 1115 3072 anaglypha:
1150 2993 1229 3056 ltlon.
1253 2993 1353 3054 Matth.
1377 2993 1425 3056 35.
1448 2995 1477 3054 2.

341 3095 410 3157 M-t]
434 3093 518 3158 3334
540 3103 570 3156 et
592 3094 660 3155 tlt-l]
685 3092 778 3168 3332,
801 3096 879 3176 quod
902 3095 1082 3158 simillimum
1110 3096 1250 3158 Vaticano
1263 3097 1313 3194 pti
1337 3116 1400 3158 esse
1426 3097 1477 3158 ad-

340 3206 425 3262 notat
447 3199 480 3260 ll.
1168 3213 1169 3216 ’

427 3301 576 3382 Pegmatis
600 3302 765 3382 exemplum
781 3301 874 3363 multo
897 3302 1047 3382 antiquius
1069 3303 1101 3364 in
1116 3302 1174 3366 Titi
1198 3303 1384 3383 imperatoris
1410 3321 1477 3365 arcu

341 3405 513 3487 triumphali
522 3404 545 3481 1)
569 3413 664 3479 extat,
690 3405 870 3484 ferculum2)
892 3405 963 3467 illud
994 3424 1053 3486 quo
1076 3413 1210 3488 portatur
1232 3405 1436 3468 candelabrum
1459 3427 1475 3468 e

340 3509 470 3572 lehovae
492 3509 604 3589 templo
625 3519 753 3589 raptum.

427 3611 534 3674 Mirum
563 3621 661 3674 antem
696 3619 756 3682 est,
783 3611 1024 3693 antiquissimum
1059 3613 1202 3692 pegmatis
1236 3613 1314 3692 quod
1348 3613 1473 3674 noverim

342 3717 509 3796 exemplum
533 3733 652 3776 rursum
676 3716 711 3776 ad
735 3715 890 3776 Bacchioas
913 3734 962 3776 res
984 3725 1134 3797 spectare,
1170 3716 1208 3777 ita
1232 3717 1351 3796 quidem
1376 3727 1406 3776 nt
1426 3735 1474 3776 so-

341 3820 449 3880 lemnis
483 3818 587 3898 aliquis
622 3837 685 3880 mos
719 3818 851 3881 videatur
884 3839 937 3899 per
970 3820 1068 3882 iocum
1097 3829 1185 3900 atque
1215 3819 1390 3880 ludribrium
1419 3819 1473 3898 agi:

342 3924 522 4003 amphoram
547 3921 611 3984 dieo
635 3918 855 4003 Neapolitanam
891 3923 1035 3997 (Gerhard
1058 3924 1091 3983 Α.
1115 3923 1147 3984 Β.
1172 3924 1244 3998 107)
1273 3921 1305 3982 in
1332 3936 1388 4002 qua
1409 3921 1473 4002 picti

343 4036 415 4088 sunt
437 4036 566 4106 quatuor
589 4027 684 4106 Satyri
716 4027 834 4088 culeum
857 4025 936 4087 vittis
963 4025 1100 4105 foliisque
1133 4033 1270 4088 ornatum
1306 4028 1337 4088 in
1371 4025 1471 4086 ferculo

235 4200 238 4204 ,
343 4138 503 4209 portantes,
526 4131 721 4210 praecedente
743 4128 862 4191 Baccha.

412 4307 433 4368 ¹)
451 4305 503 4355 vid.
531 4303 643 4370 Philippi
670 4303 696 4353 in
715 4301 788 4368 ,Ahh
818 4302 841 4352 d.
872 4301 953 4352 stolas.
981 4298 1041 4350 Ges.
1069 4301 1092 4352 d.
1118 4299 1287 4354 Wissensoh‘.
1313 4301 1357 4352 Bd.
1376 4299 1413 4354 Vl.
1434 4300 1469 4352 lll.

344 4389 438 4458 (Leipz.
460 4390 536 4456 1872)
553 4391 604 4440 tab.
623 4390 646 4442 3.

412 4477 432 4540 ²)
451 4477 597 4543 Disputavit
615 4478 646 4528 de
665 4475 761 4528 talihns
771 4471 877 4525 ferculis
891 4473 1040 4524 llnonarotti
1052 4474 1237 4536 ‚osservationi
1251 4489 1326 4541 sopra
1339 4475 1467 4538 modaglia‘.

270 4565 271 4568 ‘
344 4563 563 4630 p.9etp.157.
