3202 5246
608 420 829 484 ..29-

626 596 725 679 rypus
749 596 815 659 aa.

706 737 727 798 l.

232 849 280 910 14.
313 848 518 930 Sarcophagus
545 848 596 929 qui
623 866 705 910 nunc
737 853 903 910 asservatur
933 845 963 908 in
991 863 1110 907 museo
1142 845 1331 916 Latera-14

133 951 263 1024 nansi,
287 957 422 1031 repertus
445 951 476 1011 in
498 951 633 1031 sepulcro
662 951 711 1012 illo
734 951 769 1012 ad
798 951 873 1011 viam
904 948 1037 1010 Latinam
1071 948 1138 1010 sito.
1185 947 1287 1009 Editus

136 1063 190 1116 est
214 1073 229 1115 a
251 1053 552 1134 Petersenoldon.d.
570 1053 590 1114 l.
608 1053 721 1116 Vl.80.
740 1056 766 1116 1.
789 1053 840 1134 qui
863 1071 931 1114 eum
955 1049 1166 1132 interpretatus
1189 1059 1234 1112 est
1255 1051 1286 1112 in

134 1157 395 1218 commentatione
426 1175 515 1239 supra
546 1157 660 1219 laudata
691 1158 838 1236 signatum
868 1157 963 1219 littera
979 1155 1014 1219 X.
1255 1219 1257 1222 .

229 1260 382 1321 Benndorl
410 1281 439 1324 ιι.
470 1261 605 1323 Schoene
635 1259 761 1322 Lateran
791 1277 835 1321 nr.
852 1259 924 1322 408.
1137 1257 1231 1318 Eioh'.

229 1385 274 1442 α..
298 1383 325 1444 g,
348 1384 377 1443 e²
385 1363 424 1444 ¹),
448 1372 609 1426 centaurus
631 1363 692 1445 lyra
706 1381 817 1425 sonans
835 1381 894 1443 quo
910 1363 1026 1424 vehitur
1042 1362 1162 1442 Satyrus
1178 1361 1287 1439 intans,

138 1466 195 1547 qui
218 1465 322 1528 tibiam
344 1485 460 1527 vascam
490 1466 593 1528 inllare
623 1467 745 1528 videtur.
788 1467 817 1540 h,
840 1466 899 1546 i2),
928 1465 959 1538 h,
992 1458 1100 1526 lemiha
1124 1483 1190 1525 cum
1212 1467 1285 1534 lace,

137 1587 218 1650 qnae
239 1569 365 1631 fortasse
387 1587 455 1650 pars
485 1569 575 1632 fuerit
600 1587 722 1632 scaenae
745 1588 769 1630 a.
814 1569 934 1645 lnter'g
957 1555 1025 1628 eth
1049 1565 1286 1646 camelopardalis

137 1672 323 1752 conspicitur
344 1680 431 1753 eaput
453 1672 655 1734 sinistrorsum
679 1691 808 1734 versum.

227 1776 260 1838 ln
275 1787 358 1856 parte
369 1776 522 1856 principali
533 1777 619 1851 velim
636 1777 769 1840 animum
783 1774 917 1836 advertas
928 1772 964 1835 ad
976 1773 1123 1836 Bacchum
1136 1773 1187 1852 qui
1203 1773 1283 1834 laeva

94 1949 95 1954 η
137 1899 218 1959 quae
241 1880 387 1961 elephanti
408 1879 513 1942 nititur
535 1880 633 1954 dorso,
655 1879 794 1961 poculum
819 1885 900 1939 tenet
926 1884 1070 1950 eversum,
1093 1876 1176 1936 ouius
1205 1873 1286 1954 quod

136 1983 326 2046 defluxorum
360 1991 407 2044 est
438 1983 541 2045 rinum
580 1983 721 2064 panthera
754 1983 834 2044 inter
865 1979 1011 2060 elephanti
1044 1979 1133 2060 pedes
1160 1995 1284 2040 currens

135 2085 251 2148 cervice
272 2085 378 2147 reflexa
401 2103 510 2166 oreque
531 2085 664 2148 hiscente
685 2084 804 2146 sorbere
826 2083 951 2145 videtur.

226 2187 423 2267 Diligentioris
457 2199 488 2252 et
520 2189 697 2270 antiquioris
729 2187 887 2268 sculptoris
921 2193 1083 2267 sequantur
1116 2185 1188 2247 haee
1221 2185 1279 2246 duo

135 2311 229 2374 opera
251 2312 325 2372 quae
347 2300 418 2354 sunt
440 2293 470 2355 in
494 2293 558 2355 villa
581 2293 703 2355 Pamlili.

578 2421 580 2424 ¹
700 2431 736 2492 ll.

230 2545 278 2604 15.
302 2543 388 2605 Villa
412 2544 565 2606 Pamlili.
610 2545 680 2606 hl-[l
704 2543 797 2604 2274.

227 2647 289 2708 Pet.
314 2647 348 2708 Η.
395 2646 527 2727 Kiehl)

229 2750 700 2830 mffithQdssa

228 2853 375 2932 Panthera
409 2853 498 2914 simili
533 2854 622 2916 modo
655 2855 752 2932 bigam
789 2851 933 2934 sequitur,
971 2858 1004 2912 ut
1041 2849 1072 2911 in
1098 2848 1286 2930 praecedenti

139 2956 288 3036 exemplo,
313 2955 502 3036 Bacchusque
524 2957 602 3018 laeva
625 2958 764 3038 poculum
786 2964 875 3018 tenet.
909 2954 1129 3028 Adulescentes,
1152 2952 1201 3032 qui
1226 2951 1286 3011 ele·
1409 2971 1418 2978 ’

140 3059 261 3141 phantis
284 3059 450 3133 vehuntur,
489 3060 633 3122 cincinnis
661 3061 708 3122 hic
730 3060 836 3122 elarius
859 3067 946 3138 atque
977 3056 1006 3116 in
1029 3054 1208 3136 sarcophago
1231 3053 1287 3115 ha·

141 3162 293 3224 teraneusi
316 3181 370 3244 pro
393 3163 472 3225 lndis
494 3173 707 3244 agnoscuntur.

106 3326 113 3342 ,
227 3289 250 3326 α
272 3266 367 3346 palma
390 3266 513 3345 insignis
538 3275 592 3340 est,
615 3267 667 3328 sed
691 3285 830 3330 coronam
854 3270 1032 3327 contenet.

230 3369 261 3442 h,
283 3368 398 3430 etiamsi
422 3388 526 3432 manus
550 3369 649 3432 desint
671 3379 701 3432 et
723 3379 908 3451 tympanum,
932 3367 1007 3430 clare
1030 3365 1207 3444 agnoscitur.

227 3471 268 3532 11
294 3471 464 3534 dubitanter
485 3473 582 3553 posui,
605 3491 672 3535 nam
696 3472 724 3532 M
746 3479 831 3554 putat
852 3490 919 3533 esse
942 3472 1087 3550 Satyrum.

703 3643 752 3705 lll.

233 3754 280 3816 16.
304 3753 392 3816 Villa
417 3753 565 3815 Pamlili.
611 3753 681 3817 Coh.
706 3753 760 3816 39:
784 3755 812 3816 M
837 3753 906 3815 133.

229 3855 297 3918 M-D
320 3855 414 3918 2297.
459 3858 558 3919 Eich.

228 3961 334 4022 Nescio
357 3979 395 4022 an
418 3959 535 4023 tabulae
558 3959 588 4021 in
612 3960 729 4023 sinistra
753 3971 835 4042 parte
858 3959 967 4040 aliquid
991 3959 1075 4020 desit.

228 4086 257 4142 γ,
281 4065 309 4137 d,
332 4064 372 4143 l„
395 4083 420 4125 z.

96 4289 99 4292 -
216 4256 234 4318 ¹)
254 4252 351 4304 Errorc
370 4269 450 4304 coron
468 4254 556 4320 copiae
574 4253 662 4306 Sileno
681 4255 765 4305 datum
784 4261 825 4304 ost
844 4271 856 4304 a
876 4251 1025 4304 Benndorlio
1044 4258 1068 4301 et
1088 4249 1221 4301 Schoenio.

106 4383 116 4398 ,
213 4341 234 4403 ¹)
254 4340 288 4390 Et
305 4339 409 4390 brachiu
430 4340 523 4390 desunt
541 4348 567 4390 et
585 4341 786 4392 instrumentum.

213 4427 235 4484 ¹)
253 4425 367 4476 Eiohleri
385 4425 497 4502 conlisus
515 4425 634 4476 sollertia
654 4427 678 4476 in
697 4426 805 4490 singulis
825 4438 998 4500 nonnunquam
1020 4438 1037 4473 ι
1054 4422 1142 4474 Matzii
1170 4423 1283 4489 descrip-

143 4514 218 4564 tione
238 4513 353 4563 discessi.
