3202 5246
800 391 1022 454 ..14-

344 569 537 630 discernenda
559 576 638 642 sunt,
662 588 789 650 quorum
806 570 929 633 alterum
953 577 1055 651 typum
1072 569 1213 641 continet,
1236 587 1326 650 quem
1352 587 1422 647 ego
1453 585 1518 646 pro

342 667 547 748 antiquissimo
574 672 683 746 babeo,
717 674 843 736 alterum
875 674 1018 752 reliquam
1045 673 1159 752 copiam
1194 672 1435 752 complectitur;
1479 670 1519 730 ad

341 771 424 833 illum
447 772 544 851 igitur,
568 795 655 855 quem
679 777 851 858 simpliciter
873 795 998 840 numero
1021 776 1034 837 l
1055 775 1211 854 significari
1234 775 1318 846 volo.
1334 775 1516 855 explican-

341 875 413 937 dum
436 875 494 936 iam
518 879 634 940 accedo.

703 1019 932 1102 Triumphus
955 1020 1117 1086 Indicus.

905 1136 926 1196 l.

686 1247 807 1327 Typus
831 1247 1138 1327 antiquissimus.

327 1369 339 1418 1
431 1357 456 1416 1.
470 1354 558 1416 Villa
573 1355 703 1420 Medici.
721 1359 788 1420 tt-tt
805 1359 972 1440 (Catalogus
985 1379 1000 1420 a
1011 1358 1115 1422 Mattio
1131 1369 1160 1422 et
1176 1359 1292 1421 lluhnio
1316 1359 1513 1437 coniectus)

343 1457 436 1518 2272.

429 1560 653 1642 Cobiurgensis)
690 1565 740 1626 fol.
778 1563 834 1628 26:
870 1565 1039 1641 bllatzianae
1077 1566 1284 1647 descriptionis
1319 1565 1428 1627 editae
1471 1565 1507 1624 in

343 1663 515 1726 Academiae
538 1667 692 1728 annalibus
730 1666 806 1729 1871
843 1687 872 1748 p.
895 1669 955 1730 445
980 1671 1058 1751 sqq.)
1084 1670 1143 1732 134
1166 1678 1195 1732 et
1216 1670 1264 1731 tol.
1294 1667 1364 1742 182,
1392 1670 1435 1729 1:
1464 1665 1508 1726 M.

343 1766 404 1827 242
413 1767 448 1847 ¹).
472 1769 641 1831 Secundum
666 1769 882 1848 Coburgensem
908 1791 960 1851 ego
982 1774 1098 1853 primus
1115 1755 1232 1848 edidill.

430 1871 642 1953 Anaglypbum
660 1892 727 1935 cum
740 1893 820 1936 nune
834 1875 967 1936 videatur
989 1877 1083 1938 multo
1099 1876 1191 1954 magis
1214 1875 1383 1936 mutilatum
1413 1892 1503 1940 esse.

343 1996 430 2058 quam
455 1996 513 2057 quo
537 1985 672 2056 tempore
688 1977 885 2056 Coburgensis
908 1979 1003 2058 pictus
1026 1987 1080 2052 est,
1104 1999 1120 2040 e
1141 1999 1174 2040 re
1196 1979 1235 2039 sit
1257 1977 1296 2038 ita
1312 1977 1504 2038 describere

342 2089 376 2143 ut
392 2079 589 2163 descriptione
612 2079 859 2142 blata-Duhniana
883 2075 936 2161 pro
965 2083 1159 2144 fondamento
1182 2099 1253 2143 usus
1276 2099 1351 2160 quae
1376 2098 1439 2157 ego
1470 2079 1502 2138 in
1570 2087 1572 2166 1

343 2184 413 2246 (lob.
437 2183 495 2245 vidi
518 2201 700 2244 enumerem.
756 2184 842 2257 Quod
864 2185 1035 2266 priusquam
1070 2186 1167 2247 lacere
1203 2184 1342 2256 instituo,
1393 2182 1501 2245 semel

345 2306 463 2360 moneo,
485 2305 534 2348 me
556 2287 586 2346 in
610 2285 748 2346 omnibus
770 2287 939 2367 anaglyphis
951 2289 1153 2352 describendis
1176 2307 1293 2368 semper
1314 2287 1457 2366 incipere
1483 2303 1499 2344 a
1570 2282 1572 2356 l

344 2400 426 2473 parte
449 2391 577 2459 sinistra,
612 2389 720 2468 quippe
753 2389 784 2449 in
819 2391 926 2468 quibus
960 2411 1068 2472 pompa
1103 2392 1261 2453 asinistra
1283 2391 1317 2452 ad
1349 2390 1499 2450 dextram

344 2503 506 2566 moveatur,
532 2493 571 2554 ita
599 2500 639 2565 ut,
667 2491 724 2553 nisi
752 2491 869 2554 disertis
895 2493 992 2556 verbis
1015 2495 1196 2557 contrarium
1220 2495 1370 2564 adnotem,
1396 2494 1496 2554 etiam
1569 2496 1571 2556 l

342 2598 473 2677 singulae
496 2613 639 2677 personae
666 2597 852 2657 dextrorsum
879 2596 1017 2660 incedere
1045 2579 1258 2677 intellegendae
1284 2599 1352 2659 sint.

428 2701 547 2774 Tabula,
572 2719 648 2781 quae
669 2699 774 2762 arbore
804 2719 895 2779 paene
928 2701 959 2762 in
988 2702 1086 2764 medio
1111 2702 1206 2782 posita
1235 2701 1265 2762 in
1288 2701 1360 2762 duas
1383 2709 1495 2780 partes

345 2806 482 2868 dividitur
509 2806 539 2866 in
567 2822 692 2885 quarum
727 2803 828 2864 dextra
858 2804 910 2865 alia
935 2813 1084 2885 comparet
1115 2805 1211 2878 arbor,
1245 2805 1415 2866 continetur
1453 2801 1494 2862 ab

344 2919 470 2990 utraque
491 2916 574 2988 porte
590 2916 684 2987 porta,
707 2914 884 2986 antequam
907 2907 938 2968 in
954 2896 1074 2969 sinistra
1097 2915 1168 2968 sunt
1191 2909 1248 2970 duo
1264 2903 1380 2988 equites
1404 2906 1493 2976 nudi,
1569 2847 1572 2938 i

232 3081 235 3103 1
345 3013 396 3092 qui
419 3012 554 3074 videntur
578 3010 660 3090 sequi
684 3009 788 3071 Bacchi
812 3028 946 3083 currum,
969 3011 1001 3071 in
1024 3029 1082 3090 quo
1104 3019 1163 3072 stat
1185 3012 1259 3073 deus
1282 3030 1349 3072 oum
1373 3009 1493 3090 Satyris

346 3121 463 3192 (omnes
490 3123 561 3176 sunt
582 3112 741 3184 imberbes
763 3113 854 3194 isqui
876 3113 1058 3194 conspicitur
1080 3133 1096 3175 a
1119 3114 1220 3175 dextra
1236 3114 1340 3175 bacchi
1355 3132 1491 3176 corona—

344 3227 393 3279 tus
438 3218 512 3298 est);
553 3217 650 3298 bigam
683 3217 806 3277 trahunt
840 3217 1010 3296 elephantes
1044 3218 1238 3297 praecedente
1272 3218 1386 3298 Satyro,
1435 3215 1491 3297 qui
1571 3239 1572 3311 1

344 3321 519 3401 proboscide
541 3319 622 3381 ducit
645 3319 831 3398 elephantem
850 3321 1039 3392 anteriorem,
1062 3321 1141 3382 iuxta
1165 3339 1252 3401 quem
1270 3320 1386 3381 Silenus
1411 3339 1488 3400 pan-

344 3425 454 3499 thera³)
471 3423 598 3486 vehitur.
629 3423 707 3484 llaec
721 3431 766 3484 est
788 3441 844 3498 una
868 3433 955 3504 atque
970 3424 1141 3504 principalis
1157 3443 1269 3498 scaena,
1293 3443 1366 3505 quae
1382 3425 1490 3485 arbore
1570 3441 1572 3524 1

345 3527 557 3538 -1-1-

413 3561 434 3628 ¹)
453 3560 622 3626 Coborgensis
635 3561 727 3628 pictor,
745 3576 800 3612 cum
813 3563 900 3613 charta
912 3570 1031 3614 uteretur
1044 3577 1091 3612 non
1106 3563 1170 3613 satis
1188 3563 1249 3626 lata,
1268 3569 1406 3614 extremam
1425 3576 1487 3611 ana-

345 3648 433 3716 glyphi
446 3655 544 3714 partem
558 3648 697 3714 seperatim
710 3647 861 3713 delineavit,
878 3649 904 3699 id
916 3649 980 3716 quod
994 3649 1096 3715 saepius
1108 3647 1201 3700 factum
1219 3664 1274 3700 esse
1288 3649 1314 3699 in
1325 3647 1486 3712 Coburgensi

346 3736 420 3784 docet
432 3734 501 3785 lllatz
514 3733 531 3785 l.
544 3735 561 3784 l.
578 3751 601 3800 p.
614 3734 671 3784 453.
691 3732 785 3785 Tamen
798 3735 853 3798 ille,
865 3742 954 3801 utpote
967 3735 1007 3785 oui
1023 3751 1158 3802 paucorum
1177 3737 1250 3786 modo
1268 3735 1366 3785 diorum
1386 3735 1441 3784 otio
1454 3733 1486 3784 ad

346 3819 536 3884 Coburgenscm
549 3821 753 3887 perlustrandum
768 3822 807 3872 uti
821 3821 933 3886 licuerit,
946 3823 993 3872 boc
1002 3822 1093 3872 cadere
1103 3822 1128 3871 ic
1138 3823 1200 3872 haec
1213 3823 1261 3871 duo
1274 3820 1336 3872 lolia
1347 3837 1396 3870 nou
1406 3821 1485 3881 vidit;
1570 3832 1572 3899 1

345 3924 418 3974 quam
436 3909 467 3959 ob
486 3924 538 3960 reru
558 3909 584 3959 in
603 3908 743 3976 anaglypho
762 3909 818 3974 ipso
836 3907 1002 3958 describendo
1016 3907 1257 3974 deeafigura‚quae
1268 3907 1293 3958 ic
1312 3906 1329 3958 f.
1345 3906 1393 3959 182
1416 3907 1485 3972 picta

345 4001 394 4058 cst,
413 3995 548 4046 dubitavit.
593 3993 643 4046 Sed
662 3995 757 4045 nullum
776 3995 929 4045 dubitationi
946 3995 1028 4044 locum
1048 4009 1103 4045 esse
1135 4009 1212 4060 eques
1230 3994 1355 4045 vexillum
1381 3999 1485 4060 satyrus

345 4081 372 4131 in
394 4079 412 4132 f.
433 4081 481 4134 182
500 4097 514 4132 e
532 4079 549 4131 l.
561 4081 593 4132 26
611 4081 699 4148 paucis
717 4081 815 4147 quidam
827 4080 998 4144 lineamentis,
1016 4081 1111 4132 sedita
1123 4087 1152 4130 ut
1164 4084 1293 4146 pro'certo
1306 4087 1484 4145 agnoscantur,

344 4168 450 4235 repetiti
468 4169 650 4219 demonstrant.

412 4255 434 4319 ³)
452 4254 518 4306 Vide
545 4271 582 4306 11.
604 4258 615 4308 1
636 4255 660 4304 iu
679 4253 776 4305 Tabula
795 4261 889 4304 nostra.

413 4341 435 4404 ⁸)
452 4339 601 4392 Parthorum
614 4341 678 4391 dicit
690 4339 800 4392 Mattius
813 4339 905 4403 2272);
926 4339 969 4390 sed
988 4339 1054 4389 idem
1068 4339 1093 4388 in
1107 4336 1271 4388 describendo
1290 4335 1349 4388 Cob.
1363 4338 1434 4405 (134)
1451 4338 1483 4388 ti-

345 4425 442 4488 gridem
460 4427 582 4492 appellat,
601 4441 679 4493 neque
696 4427 757 4478 mint
774 4426 833 4476 huic
851 4426 948 4476 bestiae
967 4441 1071 4492 prorsus
1097 4424 1232 4474 dissimilis
1255 4425 1374 4486 videtur-3
1401 4433 1480 4476 tameo
1568 4417 1571 4504 1

345 4520 373 4564 ut
391 4521 471 4564 totam
488 4512 552 4562 hanc
571 4528 622 4564 rem
650 4515 676 4563 in
703 4528 824 4578 suspenso
852 4513 1041 4578 relinquendam
1068 4525 1125 4562 esse
1153 4525 1280 4575 censeam,
1308 4511 1394 4562 multis
1422 4527 1481 4578 qnae
