3202 5246
819 382 1014 442 ..2,

436 559 470 619 ln
501 557 653 620 montibus
677 559 706 618 in
730 557 829 618 Indiae
844 557 1033 635 Bactriaeque
1057 556 1183 617 confinio
1206 556 1279 646 sitis,
1302 555 1352 634 qui
1386 554 1530 614 Hindu-

352 661 410 722 ton
427 660 514 722 nobis
530 662 666 732 audiunt,
689 682 704 723 a
728 661 845 723 Graecis
861 661 961 722 ludico
977 659 1105 722 Caucaso
1121 659 1244 720 nomine
1259 661 1372 739 appella
1380 658 1528 724 bantur,

349 765 505 826 Alexandri
528 765 699 826 Macedones
725 764 754 824 in
778 763 927 844 regionem
956 763 1124 825 inciderunt
1152 782 1229 842 quae
1252 772 1281 824 et
1303 764 1357 824 loci
1396 770 1528 823 natura

350 879 379 930 et
395 868 556 932 incolarum
581 867 723 938 moribus,
739 869 864 930 tortasse
887 868 973 928 etiam
998 868 1079 929 cultu
1102 867 1266 947 fabulisque
1282 863 1528 927 Bacchicarum

349 991 449 1033 rerum
489 972 724 1033 recordationem
756 971 793 1032 iis
828 971 927 1032 movit.
984 972 1106 1048 [Arrian.
1141 971 1232 1032 Anab.
1261 971 1291 1031 V.
1317 971 1343 1030 1.
1372 969 1438 1030 19.
1483 969 1526 1028 cl.

349 1075 440 1137 lndic.
463 1076 484 1136 Ι.
508 1074 611 1152 4-7].
1108 1144 1110 1148 ,

434 1178 551 1239 Fertilis
576 1178 654 1238 enim
680 1187 742 1238 erat
764 1177 844 1255 regin
867 1178 915 1239 illa
939 1177 1066 1258 vinoque
1088 1175 1289 1255 abundabat¹)
1306 1196 1365 1257 quo
1382 1175 1525 1236 scimus

351 1280 483 1360 veram¹)
506 1280 617 1342 lndiam
642 1281 834 1342 carere-id
859 1282 938 1362 quod
964 1281 1060 1360 magni
1085 1290 1131 1342 est
1153 1279 1521 1342 momenti-incolae-

350 1404 408 1466 que
436 1386 525 1446 vitam
550 1384 695 1464 degebant
717 1384 886 1446 iucundam.
954 1383 1056 1463 Neque
1083 1385 1163 1446 omni
1186 1383 1394 1464 probabilitate
1422 1391 1522 1444 caret

349 1488 459 1568 opinio,
494 1507 555 1550 non
586 1487 682 1548 solum
716 1507 819 1549 eorum
849 1488 923 1548 ritus
952 1505 1020 1549 oum
1051 1488 1199 1549 Bacchiois
1222 1489 1369 1568 quandam
1395 1485 1518 1548 habu-

348 1591 407 1652 isse
430 1583 685 1663 similitudinem³l
702 1591 753 1652 sed
774 1591 861 1652 etiam
885 1591 998 1652 fabulas
1021 1593 1099 1671 apud
1123 1611 1174 1652 eos
1198 1592 1335 1671 viguisse,
1363 1611 1454 1671 quae
1483 1597 1518 1650 et

348 1693 384 1754 ad
411 1693 469 1754 vini
500 1693 701 1755 inventionem
730 1703 759 1756 et
786 1695 822 1756 ad
850 1695 978 1776 aliquem
1013 1697 1150 1768 heroem,
1184 1695 1235 1775 qui
1269 1713 1304 1755 ex
1338 1695 1514 1758 occidente

349 1797 486 1869 venisset,
510 1806 696 1877 spectarent;
724 1817 817 1878 paene
840 1798 912 1860 nihil
935 1800 971 1861 de
994 1799 1039 1861 his
1062 1798 1151 1860 rebus
1174 1807 1305 1872 constat,
1336 1798 1389 1860 sed
1420 1816 1512 1859 oon-

348 1900 468 1962 ieeturis
491 1919 564 1980 quas
587 1901 624 1961 de
647 1902 754 1963 haere
781 1903 877 1964 facere
906 1903 1046 1976 volueris,
1079 1910 1249 1983 praeterea
1274 1921 1350 1984 quae
1374 1922 1426 1976 vv,
1452 1901 1509 1964 dd.

347 2003 379 2064 in
410 2011 478 2064 nota
501 2003 608 2065 laudati
631 2005 805 2077 docuerunt,
829 2006 1010 2068 subveniunt
1031 2007 1161 2086 primum
1184 2027 1217 2068 ea
1251 2026 1327 2087 quae
1358 2005 1395 2067 de
1434 2004 1509 2066 vini

351 2107 444 2187 patria
467 2108 580 2187 egregie
607 2116 637 2169 et
665 2110 779 2172 erudite
807 2110 965 2191 disputavit
987 2109 1087 2171 Victor
1109 2110 1195 2172 llehn
1217 2110 1250 2171 in
1272 2110 1347 2172 libro
1371 2110 1419 2172 cui
1446 2109 1506 2170 in-

349 2210 489 2274 scribitur
512 2211 761 2292 ‘Culturpdanzen
785 2215 846 2276 und
871 2212 1032 2275 llaustiere'
1055 2214 1086 2274 in
1110 2215 1240 2276 editione
1262 2223 1365 2294 quarta
1388 2233 1417 2294 p.
1437 2213 1506 2285 643

348 2323 413 2376 turn
437 2315 517 2394 quod
542 2315 597 2376 iam
622 2316 775 2398 Euripides
798 2318 943 2378 Racehunx
966 2317 1137 2378 Bactrorum
1161 2317 1235 2380 lines
1258 2320 1500 2400 perlustrantem

350 2417 431 2490 lacit,
453 2418 481 2478 id
506 2418 595 2492 enirn,
620 2439 686 2482 eum
708 2429 860 2501 praeterea
883 2429 1027 2499 quantum
1057 2421 1193 2499 equidem
1224 2422 1285 2483 scio
1309 2422 1345 2482 de
1367 2421 1500 2484 bactro-

347 2539 414 2582 rum
439 2522 581 2583 Bacchico
604 2524 686 2585 cultu
709 2524 781 2585 nihil
805 2533 908 2584 notum
932 2523 981 2596 sit,
1011 2523 1045 2584 ad
1069 2523 1156 2584 istam
1187 2525 1349 2604 regionem,
1380 2524 1499 2604 quippe
1584 2517 1585 2578 ἐ

348 2643 440 2705 prope
462 2627 634 2687 bactrorum
658 2626 732 2688 fines
755 2627 840 2688 sitam
851 2627 874 2695 ‘l
898 2627 1049 2706 pertinere
1071 2636 1154 2708 puto.

433 2730 484 2792 llis
502 2749 570 2792 vero
587 2729 757 2792 Philostrati
779 2731 876 2792 verbis
896 2724 1007 2792 Ἰνδῶν
1029 2727 1065 2792 δὲ
1089 2726 1121 2792 oi
1141 2729 1218 2813 περὶ
1237 2727 1411 2794 Καύκασον
1435 2727 1497 2791 καὶ

351 2833 497 2915 Κωφῆνα
530 2829 681 2913 ποταμὸν
714 2829 922 2916 ἐπηλύτην
953 2827 1174 2915 Ἀσσύριον
1202 2824 1304 2896 αὐτόν
1327 2830 1404 2913 (scil.
1433 2831 1498 2895 τὸν

348 2924 530 3008 Διόνυσον)
559 2952 664 3018 φασιν
691 2934 807 3000 ἐλθεῖν
833 2935 875 2998 τὰ
901 2936 960 2998 τοῦ
991 2937 1142 3019 Θηβαίου
1171 2929 1284 2999 εἰδότα
1327 2938 1368 3009 [V.
1397 2937 1431 2997 A.
1455 2937 1494 2998 ll.

348 3032 376 3096 9.
392 3036 433 3096 57
457 3056 486 3119 p.
509 3036 569 3118 tt]
598 3059 674 3121 quae
703 3042 820 3103 maximi
845 3043 990 3103 momenti
1012 3043 1042 3104 in
1066 3049 1168 3102 nostra
1191 3040 1365 3120 quaestione
1388 3047 1494 3101 essent

347 3139 391 3199 uti
415 3140 517 3215 nolim,
541 3143 609 3222 quia
632 3145 668 3206 de
690 3145 861 3207 Philostrati
884 3145 941 3206 fide
963 3146 1058 3206 adhuc
1080 3164 1139 3206 non
1163 3146 1234 3206 satis
1257 3152 1380 3206 constat.
1417 3143 1494 3204 Utut

347 3241 437 3322 igitur
461 3244 496 3304 de
519 3245 641 3326 Nysaeis
664 3248 735 3323 illis,
758 3249 793 3310 ad
818 3267 893 3326 quos
915 3249 988 3309 haec
1010 3248 1109 3310 omnia
1133 3249 1268 3322 redeunt,
1300 3247 1489 3310 iudicandum
1514 3236 1517 3248 '

348 3354 401 3416 est,
424 3347 480 3408 hoo
503 3348 619 3412 videtur
641 3369 695 3432 pro
719 3359 799 3412 certo
822 3361 910 3418 stare,
935 3369 994 3412 non
1018 3353 1157 3427 defuisse,
1181 3371 1255 3432 quae
1277 3350 1490 3413 Macedonibus

346 3453 448 3510 ansam
483 3452 587 3514 darent
618 3453 748 3533 fingendi
781 3456 979 3537 narrandique
1013 3456 1123 3518 fabulas
1156 3456 1327 3527 Bacchioas,
1361 3472 1487 3535 quarum

347 3560 430 3614 antea
446 3553 476 3614 in
493 3556 649 3618 Alexandri
662 3559 848 3638 expeditione
860 3578 897 3622 ne
915 3561 1069 3624 minimum
1083 3561 1202 3641 quidem
1219 3559 1372 3638 vestigium
1386 3575 1488 3618 occur-

346 3655 430 3735 rit³);
447 3657 554 3719 dehinc
575 3662 835 3740 frequentissimus
858 3674 903 3725 est
914 3665 1059 3726 rumorin
1072 3663 1212 3725 omnibus
1228 3661 1384 3724 Alexandri
1396 3661 1487 3722 lacto-

346 3777 413 3819 rum
422 3760 799 3845 narrationibus,imprimis
812 3768 843 3827 in
856 3767 1208 3828 orationibusAlexandro
1219 3763 1390 3846 suppositis.
1407 3764 1486 3837 Quae

348 3862 425 3922 enim
442 3863 480 3924 ibi
504 3865 540 3925 de
555 3865 676 3944 Nysaeis
692 3887 854 3948 eorumque
871 3871 990 3931 historia
1014 3879 1043 3930 et
1065 3872 1143 3931 cultu
1161 3870 1265 3932 tradita
1288 3876 1389 3931 extant
1406 3866 1485 3947 quasi

347 3967 472 4028 radicem
497 3967 666 4042 continent,
691 3991 707 4032 e
730 3990 801 4052 qua,
817 3984 984 4053 postquam
1008 3973 1164 4034 Alexandri
1187 3973 1366 4052 glorificandi
1391 3970 1484 4033 studio

347 4079 497 4149 tamquam
510 4069 772 4136 imbremadelaota
782 4086 835 4148 est,
842 4087 939 4138 cetera
948 4078 1046 4138 omnia
1055 4077 1331 4156 elllorueruntquae
1339 4084 1484 4155 praeterea

348 4171 384 4234 ab
403 4171 558 4234 Alexandri
580 4175 767 4258 comitibus⁶)
791 4180 827 4240 de
844 4180 948 4240 Bacchi
961 4181 1143 4260 expeditione
1161 4181 1259 4241 Indica
1283 4178 1483 4240 narrabantur.

425 4277 513 4356 Atqui
534 4296 608 4358 quae
625 4278 727 4341 Graeci
745 4282 832 4343 lndos
856 4283 891 4342 de
915 4284 1073 4364 llionyso
1097 4284 1252 4344 tradidisse
1275 4285 1393 4348 fabulati
1417 4291 1484 4345 sunt

348 4400 379 4440 re
402 4398 467 4440 vcra
490 4379 519 4440 in
541 4381 646 4444 ludicis
673 4384 724 4463 qui
747 4387 782 4446 ad
805 4385 871 4465 (lixa
895 4387 980 4448 deum
1006 4388 1190 4467 pertinerent
1214 4389 1319 4468 mythis
1341 4388 1395 4448 niti
1419 4387 1482 4446 viris

348 4482 440 4544 doctis
464 4485 560 4546 adhuc
595 4486 688 4548 visum
713 4499 765 4549 est.
817 4490 897 4563 Quae
920 4491 1019 4571 opinio
1044 4502 1159 4572 praeter
1193 4493 1390 4556 dulcissimam
1414 4511 1480 4554 con·
