<?xml version="1.0" encoding="UTF-8"?>
<!DOCTYPE html PUBLIC "-//W3C//DTD XHTML 1.0 Transitional//EN"
    "http://www.w3.org/TR/xhtml1/DTD/xhtml1-transitional.dtd">
<html xmlns="http://www.w3.org/1999/xhtml" xml:lang="en" lang="en">
 <head>
  <title>
</title>
<meta http-equiv="Content-Type" content="text/html;charset=utf-8" />
  <meta name='ocr-system' content='tesseract 3.04.00' />
  <meta name='ocr-capabilities' content='ocr_page ocr_carea ocr_par ocr_line ocrx_word'/>
</head>
<body>
  <div class='ocr_page' id='page_1' title='image "./debacchiexpedit00graegoog_0031.png"; bbox 0 0 3202 5246; ppageno 0'>
   <div class='ocr_carea' id='block_1_1' title="bbox 823 417 1044 480">
    <p class='ocr_par' dir='ltr' id='par_1_1' title="bbox 823 417 1044 480">
     <span class='ocr_line' id='line_1_1' title="bbox 823 417 1044 480; baseline -0.005 -16"><span class='ocrx_word' id='word_1_1' title='bbox 823 417 1044 480; x_wconf 63' lang='lat'>„22-</span> 
     </span>
    </p>
   </div>
   <div class='ocr_carea' id='block_1_2' title="bbox 364 594 1531 2199">
    <p class='ocr_par' dir='ltr' id='par_1_2' title="bbox 364 594 1531 1804">
     <span class='ocr_line' id='line_1_2' title="bbox 365 594 1531 676; baseline 0.001 -21"><span class='ocrx_word' id='word_1_2' title='bbox 365 595 443 656; x_wconf 85' lang='lat' dir='ltr'>laeva</span> <span class='ocrx_word' id='word_1_3' title='bbox 469 602 551 674; x_wconf 78' lang='lat' dir='ltr'>parte</span> <span class='ocrx_word' id='word_1_4' title='bbox 574 601 635 654; x_wconf 86' lang='lat' dir='ltr'>stat</span> <span class='ocrx_word' id='word_1_5' title='bbox 651 595 682 654; x_wconf 95' lang='lat' dir='ltr'>in</span> <span class='ocrx_word' id='word_1_6' title='bbox 698 596 803 656; x_wconf 86' lang='lat' dir='ltr'>eodem</span> <span class='ocrx_word' id='word_1_7' title='bbox 820 614 907 656; x_wconf 90' lang='lat' dir='ltr'>curru</span> <span class='ocrx_word' id='word_1_8' title='bbox 925 595 1047 676; x_wconf 80' lang='lat' dir='ltr'><strong>Satyrus</strong></span> <span class='ocrx_word' id='word_1_9' title='bbox 1063 594 1241 658; x_wconf 79' lang='lat' dir='ltr'>adolescens.</span> <span class='ocrx_word' id='word_1_10' title='bbox 1262 596 1313 674; x_wconf 88' lang='lat' dir='ltr'>qui</span> <span class='ocrx_word' id='word_1_11' title='bbox 1329 595 1418 674; x_wconf 83' lang='lat' dir='ltr'>qnasi</span> <span class='ocrx_word' id='word_1_12' title='bbox 1447 597 1531 656; x_wconf 86' lang='lat' dir='ltr'>socii</span> 
     </span>
     <span class='ocr_line' id='line_1_3' title="bbox 366 695 1528 778; baseline 0.002 -20"><span class='ocrx_word' id='word_1_13' title='bbox 366 696 648 776; x_wconf 80' lang='lat' dir='ltr'>contubernalisque</span> <span class='ocrx_word' id='word_1_14' title='bbox 664 695 710 757; x_wconf 89' lang='lat' dir='ltr'>dei</span> <span class='ocrx_word' id='word_1_15' title='bbox 726 707 823 777; x_wconf 82' lang='lat' dir='ltr'>partes</span> <span class='ocrx_word' id='word_1_16' title='bbox 850 698 918 778; x_wconf 87' lang='lat' dir='ltr'>agit,</span> <span class='ocrx_word' id='word_1_17' title='bbox 949 698 985 759; x_wconf 89' lang='lat' dir='ltr'>ab</span> <span class='ocrx_word' id='word_1_18' title='bbox 1000 700 1091 760; x_wconf 83' lang='lat' dir='ltr'>altera</span> <span class='ocrx_word' id='word_1_19' title='bbox 1108 698 1232 760; x_wconf 89' lang='lat' dir='ltr'>Victoria</span> <span class='ocrx_word' id='word_1_20' title='bbox 1247 698 1364 759; x_wconf 82' lang='lat' dir='ltr'>advolat</span> <span class='ocrx_word' id='word_1_21' title='bbox 1382 700 1528 777; x_wconf 87' lang='lat' dir='ltr'>palmam</span> 
     </span>
     <span class='ocr_line' id='line_1_4' title="bbox 364 801 1527 881; baseline -0.002 -17"><span class='ocrx_word' id='word_1_22' title='bbox 364 803 444 864; x_wconf 88' lang='lat' dir='ltr'>laeva</span> <span class='ocrx_word' id='word_1_23' title='bbox 461 810 566 861; x_wconf 87' lang='lat' dir='ltr'>tenens</span> <span class='ocrx_word' id='word_1_24' title='bbox 582 801 683 863; x_wconf 87' lang='lat' dir='ltr'>dextra</span> <span class='ocrx_word' id='word_1_25' title='bbox 700 801 814 863; x_wconf 87' lang='lat' dir='ltr'>videtur</span> <span class='ocrx_word' id='word_1_26' title='bbox 835 819 975 862; x_wconf 89' lang='lat' dir='ltr'>coronam</span> <span class='ocrx_word' id='word_1_27' title='bbox 995 801 1109 863; x_wconf 86' lang='lat' dir='ltr'>Baccho</span> <span class='ocrx_word' id='word_1_28' title='bbox 1129 802 1294 880; x_wconf 83' lang='lat' dir='ltr'><strong>imponere,</strong></span> <span class='ocrx_word' id='word_1_29' title='bbox 1313 820 1527 881; x_wconf 85' lang='lat' dir='ltr'>quamquam,</span> 
     </span>
     <span class='ocr_line' id='line_1_5' title="bbox 364 903 1525 984; baseline -0.001 -20"><span class='ocrx_word' id='word_1_30' title='bbox 364 922 431 965; x_wconf 90' lang='lat' dir='ltr'>cum</span> <span class='ocrx_word' id='word_1_31' title='bbox 448 922 552 964; x_wconf 84' lang='lat' dir='ltr'>manus</span> <span class='ocrx_word' id='word_1_32' title='bbox 575 903 669 984; x_wconf 84' lang='lat' dir='ltr'>capite</span> <span class='ocrx_word' id='word_1_33' title='bbox 690 903 735 964; x_wconf 92' lang='lat' dir='ltr'>dei</span> <span class='ocrx_word' id='word_1_34' title='bbox 758 913 834 966; x_wconf 87' lang='lat' dir='ltr'>tecta</span> <span class='ocrx_word' id='word_1_35' title='bbox 860 905 908 978; x_wconf 90' lang='lat' dir='ltr'>sit,</span> <span class='ocrx_word' id='word_1_36' title='bbox 932 922 993 966; x_wconf 92' lang='lat' dir='ltr'>non</span> <span class='ocrx_word' id='word_1_37' title='bbox 1014 913 1139 984; x_wconf 87' lang='lat' dir='ltr'>apparet</span> <span class='ocrx_word' id='word_1_38' title='bbox 1158 922 1297 965; x_wconf 90' lang='lat' dir='ltr'>coronam</span> <span class='ocrx_word' id='word_1_39' title='bbox 1313 923 1380 964; x_wconf 92' lang='lat' dir='ltr'>earn</span> <span class='ocrx_word' id='word_1_40' title='bbox 1398 913 1525 966; x_wconf 81' lang='lat' dir='ltr'>tenere.</span> 
     </span>
     <span class='ocr_line' id='line_1_6' title="bbox 365 1007 1525 1088; baseline 0.001 -20"><span class='ocrx_word' id='word_1_41' title='bbox 365 1009 440 1068; x_wconf 78' lang='lat' dir='ltr'>dote</span> <span class='ocrx_word' id='word_1_42' title='bbox 455 1007 612 1068; x_wconf 85' lang='lat' dir='ltr'>Victoriam</span> <span class='ocrx_word' id='word_1_43' title='bbox 637 1015 705 1086; x_wconf 88' lang='lat' dir='ltr'>post</span> <span class='ocrx_word' id='word_1_44' title='bbox 725 1007 851 1081; x_wconf 85' lang='lat' dir='ltr'>leaenas,</span> <span class='ocrx_word' id='word_1_45' title='bbox 880 1026 934 1088; x_wconf 90' lang='lat' dir='ltr'>per</span> <span class='ocrx_word' id='word_1_46' title='bbox 953 1027 1027 1088; x_wconf 87' lang='lat' dir='ltr'>quas</span> <span class='ocrx_word' id='word_1_47' title='bbox 1056 1008 1179 1069; x_wconf 82' lang='lat' dir='ltr'>inferior</span> <span class='ocrx_word' id='word_1_48' title='bbox 1198 1007 1331 1087; x_wconf 89' lang='lat' dir='ltr'>corporis</span> <span class='ocrx_word' id='word_1_49' title='bbox 1354 1008 1422 1068; x_wconf 88' lang='lat' dir='ltr'>aius</span> <span class='ocrx_word' id='word_1_50' title='bbox 1447 1026 1525 1088; x_wconf 90' lang='lat' dir='ltr'>pars</span> 
     </span>
     <span class='ocr_line' id='line_1_7' title="bbox 364 1110 1520 1191; baseline 0 -19"><span class='ocrx_word' id='word_1_51' title='bbox 364 1121 441 1172; x_wconf 89' lang='lat' dir='ltr'>tecta</span> <span class='ocrx_word' id='word_1_52' title='bbox 461 1119 516 1184; x_wconf 86' lang='lat' dir='ltr'>est,</span> <span class='ocrx_word' id='word_1_53' title='bbox 536 1112 581 1171; x_wconf 88' lang='lat' dir='ltr'>vei</span> <span class='ocrx_word' id='word_1_54' title='bbox 596 1110 705 1170; x_wconf 88' lang='lat' dir='ltr'>Baccha</span> <span class='ocrx_word' id='word_1_55' title='bbox 721 1112 901 1191; x_wconf 87' lang='lat' dir='ltr'>conspicitur</span> <span class='ocrx_word' id='word_1_56' title='bbox 919 1131 993 1191; x_wconf 89' lang='lat' dir='ltr'>quae</span> <span class='ocrx_word' id='word_1_57' title='bbox 1013 1112 1103 1173; x_wconf 88' lang='lat' dir='ltr'>altare</span> <span class='ocrx_word' id='word_1_58' title='bbox 1118 1121 1216 1190; x_wconf 89' lang='lat' dir='ltr'>portat</span> <span class='ocrx_word' id='word_1_59' title='bbox 1235 1110 1279 1170; x_wconf 88' lang='lat' dir='ltr'>vel</span> <span class='ocrx_word' id='word_1_60' title='bbox 1296 1111 1423 1189; x_wconf 81' lang='lat' dir='ltr'><strong>Satyrus</strong></span> <span class='ocrx_word' id='word_1_61' title='bbox 1446 1131 1520 1172; x_wconf 94' lang='lat' dir='ltr'>cum</span> 
     </span>
     <span class='ocr_line' id='line_1_8' title="bbox 366 1213 1521 1294; baseline 0.001 -21"><span class='ocrx_word' id='word_1_62' title='bbox 366 1214 441 1294; x_wconf 90' lang='lat' dir='ltr'>pedo</span> <span class='ocrx_word' id='word_1_63' title='bbox 459 1221 488 1274; x_wconf 90' lang='lat' dir='ltr'>et</span> <span class='ocrx_word' id='word_1_64' title='bbox 503 1213 618 1294; x_wconf 81' lang='lat' dir='ltr'>syringa</span> <span class='ocrx_word' id='word_1_65' title='bbox 633 1233 648 1274; x_wconf 95' lang='lat' dir='ltr'>a</span> <span class='ocrx_word' id='word_1_66' title='bbox 665 1213 749 1276; x_wconf 80' lang='lat' dir='ltr'>cuius</span> <span class='ocrx_word' id='word_1_67' title='bbox 762 1215 861 1276; x_wconf 88' lang='lat' dir='ltr'>dextra</span> <span class='ocrx_word' id='word_1_68' title='bbox 871 1215 950 1294; x_wconf 85' lang='lat' dir='ltr'>(post</span> <span class='ocrx_word' id='word_1_69' title='bbox 965 1215 1134 1276; x_wconf 87' lang='lat' dir='ltr'>leaenarum</span> <span class='ocrx_word' id='word_1_70' title='bbox 1151 1215 1256 1294; x_wconf 71' lang='lat' dir='ltr'>capita)</span> <span class='ocrx_word' id='word_1_71' title='bbox 1268 1213 1382 1274; x_wconf 78' lang='lat' dir='ltr'>incedit</span> <span class='ocrx_word' id='word_1_72' title='bbox 1397 1214 1521 1276; x_wconf 84' lang='lat' dir='ltr'>Baccha</span> 
     </span>
     <span class='ocr_line' id='line_1_9' title="bbox 365 1313 1519 1396; baseline 0.001 -19"><span class='ocrx_word' id='word_1_73' title='bbox 365 1317 450 1378; x_wconf 85' lang='lat' dir='ltr'>tibias</span> <span class='ocrx_word' id='word_1_74' title='bbox 465 1317 582 1378; x_wconf 86' lang='lat' dir='ltr'>inflans.</span> <span class='ocrx_word' id='word_1_75' title='bbox 627 1317 768 1396; x_wconf 88' lang='lat' dir='ltr'>Superest</span> <span class='ocrx_word' id='word_1_76' title='bbox 797 1314 828 1374; x_wconf 93' lang='lat' dir='ltr'>iu</span> <span class='ocrx_word' id='word_1_77' title='bbox 858 1313 996 1396; x_wconf 82' lang='lat' dir='ltr'>imaginis</span> <span class='ocrx_word' id='word_1_78' title='bbox 1026 1318 1112 1378; x_wconf 89' lang='lat' dir='ltr'>initio</span> <span class='ocrx_word' id='word_1_79' title='bbox 1134 1317 1245 1378; x_wconf 86' lang='lat' dir='ltr'>Baccha</span> <span class='ocrx_word' id='word_1_80' title='bbox 1275 1336 1342 1378; x_wconf 91' lang='lat' dir='ltr'>cum</span> <span class='ocrx_word' id='word_1_81' title='bbox 1374 1328 1519 1396; x_wconf 89' lang='lat' dir='ltr'>tropaeo,</span> 
     </span>
     <span class='ocr_line' id='line_1_10' title="bbox 366 1418 1518 1500; baseline 0.001 -19"><span class='ocrx_word' id='word_1_82' title='bbox 366 1439 455 1500; x_wconf 90' lang='lat' dir='ltr'>supra</span> <span class='ocrx_word' id='word_1_83' title='bbox 472 1421 556 1481; x_wconf 87' lang='lat' dir='ltr'>cuius</span> <span class='ocrx_word' id='word_1_84' title='bbox 571 1427 658 1498; x_wconf 87' lang='lat' dir='ltr'>caput</span> <span class='ocrx_word' id='word_1_85' title='bbox 674 1418 783 1480; x_wconf 87' lang='lat' dir='ltr'>eminet</span> <span class='ocrx_word' id='word_1_86' title='bbox 798 1419 895 1480; x_wconf 86' lang='lat' dir='ltr'>socius</span> <span class='ocrx_word' id='word_1_87' title='bbox 910 1420 958 1480; x_wconf 90' lang='lat' dir='ltr'>ille</span> <span class='ocrx_word' id='word_1_88' title='bbox 974 1421 1030 1492; x_wconf 85' lang='lat' dir='ltr'>dei,</span> <span class='ocrx_word' id='word_1_89' title='bbox 1054 1439 1143 1500; x_wconf 87' lang='lat' dir='ltr'>qrrom</span> <span class='ocrx_word' id='word_1_90' title='bbox 1160 1421 1248 1480; x_wconf 92' lang='lat' dir='ltr'>modo</span> <span class='ocrx_word' id='word_1_91' title='bbox 1263 1423 1518 1482; x_wconf 85' lang='lat' dir='ltr'>commemorari.</span> 
     </span>
     <span class='ocr_line' id='line_1_11' title="bbox 365 1521 1516 1604; baseline 0.001 -20"><span class='ocrx_word' id='word_1_92' title='bbox 365 1525 443 1585; x_wconf 89' lang='lat' dir='ltr'>Haec</span> <span class='ocrx_word' id='word_1_93' title='bbox 457 1524 617 1601; x_wconf 84' lang='lat' dir='ltr'>figurarum</span> <span class='ocrx_word' id='word_1_94' title='bbox 631 1521 805 1601; x_wconf 74' lang='lat' dir='ltr'>compositio</span> <span class='ocrx_word' id='word_1_95' title='bbox 818 1522 987 1602; x_wconf 88' lang='lat' dir='ltr'>principalis</span> <span class='ocrx_word' id='word_1_96' title='bbox 1000 1533 1045 1584; x_wconf 88' lang='lat' dir='ltr'>est</span> <span class='ocrx_word' id='word_1_97' title='bbox 1060 1541 1127 1604; x_wconf 89' lang='lat' dir='ltr'>pars</span> <span class='ocrx_word' id='word_1_98' title='bbox 1137 1529 1167 1582; x_wconf 89' lang='lat' dir='ltr'>et</span> <span class='ocrx_word' id='word_1_99' title='bbox 1179 1523 1263 1602; x_wconf 83' lang='lat' dir='ltr'>quasi</span> <span class='ocrx_word' id='word_1_100' title='bbox 1275 1523 1516 1585; x_wconf 85' lang='lat' dir='ltr'>fundamentum</span> 
     </span>
     <span class='ocr_line' id='line_1_12' title="bbox 368 1624 1515 1705; baseline 0.007 -23"><span class='ocrx_word' id='word_1_101' title='bbox 368 1641 427 1703; x_wconf 89' lang='lat' dir='ltr'>quo</span> <span class='ocrx_word' id='word_1_102' title='bbox 456 1624 554 1683; x_wconf 88' lang='lat' dir='ltr'>nulius</span> <span class='ocrx_word' id='word_1_103' title='bbox 580 1625 669 1685; x_wconf 90' lang='lat' dir='ltr'>huius</span> <span class='ocrx_word' id='word_1_104' title='bbox 685 1624 784 1685; x_wconf 84' lang='lat' dir='ltr'>classis</span> <span class='ocrx_word' id='word_1_105' title='bbox 800 1627 998 1704; x_wconf 84' lang='lat' dir='ltr'>sarcophagus</span> <span class='ocrx_word' id='word_1_106' title='bbox 1015 1635 1104 1698; x_wconf 86' lang='lat' dir='ltr'>caret,</span> <span class='ocrx_word' id='word_1_107' title='bbox 1129 1628 1310 1705; x_wconf 88' lang='lat' dir='ltr'>complector</span> <span class='ocrx_word' id='word_1_108' title='bbox 1330 1646 1397 1689; x_wconf 88' lang='lat' dir='ltr'>eam</span> <span class='ocrx_word' id='word_1_109' title='bbox 1417 1637 1515 1690; x_wconf 86' lang='lat' dir='ltr'>totam</span> 
     </span>
     <span class='ocr_line' id='line_1_13' title="bbox 370 1725 1160 1804; baseline 0.005 -20"><span class='ocrx_word' id='word_1_110' title='bbox 370 1725 450 1804; x_wconf 82' lang='lat' dir='ltr'>siglis</span> <span class='ocrx_word' id='word_1_111' title='bbox 467 1727 539 1786; x_wconf 81' lang='lat' dir='ltr'>dia</span> <span class='ocrx_word' id='word_1_112' title='bbox 556 1728 600 1787; x_wconf 90' lang='lat' dir='ltr'>vel</span> <span class='ocrx_word' id='word_1_113' title='bbox 615 1726 699 1800; x_wconf 80' lang='lat' dir='ltr'><strong>Alb,</strong></span> <span class='ocrx_word' id='word_1_114' title='bbox 719 1727 832 1804; x_wconf 83' lang='lat' dir='ltr'>singula</span> <span class='ocrx_word' id='word_1_115' title='bbox 856 1729 1001 1790; x_wconf 86' lang='lat' dir='ltr'>elementa</span> <span class='ocrx_word' id='word_1_116' title='bbox 1017 1731 1057 1790; x_wconf 90' lang='lat' dir='ltr'>ita</span> <span class='ocrx_word' id='word_1_117' title='bbox 1075 1739 1160 1790; x_wconf 90' lang='lat' dir='ltr'>noto:</span> 
     </span>
    </p>

    <p class='ocr_par' dir='ltr' id='par_1_3' title="bbox 449 1829 638 1890">
     <span class='ocr_line' id='line_1_14' title="bbox 449 1829 638 1890; baseline 0.011 -2"><span class='ocrx_word' id='word_1_118' title='bbox 449 1851 471 1888; x_wconf 88' lang='grc' dir='ltr'><em>α</em></span> <span class='ocrx_word' id='word_1_119' title='bbox 515 1829 638 1890; x_wconf 88' lang='lat' dir='ltr'>Victoria</span> 
     </span>
    </p>

    <p class='ocr_par' dir='ltr' id='par_1_4' title="bbox 451 1931 749 2011">
     <span class='ocr_line' id='line_1_15' title="bbox 451 1931 749 2011; baseline 0.003 -19"><span class='ocrx_word' id='word_1_120' title='bbox 451 1931 474 2010; x_wconf 78' lang='grc' dir='ltr'>β</span> <span class='ocrx_word' id='word_1_121' title='bbox 516 1932 635 2011; x_wconf 80' lang='lat' dir='ltr'>Satyrus</span> <span class='ocrx_word' id='word_1_122' title='bbox 652 1933 749 1993; x_wconf 89' lang='lat' dir='ltr'>socius</span> 
     </span>
    </p>

    <p class='ocr_par' dir='ltr' id='par_1_5' title="bbox 449 2034 572 2110">
     <span class='ocr_line' id='line_1_16' title="bbox 449 2034 572 2110; baseline 0.008 -17"><span class='ocrx_word' id='word_1_123' title='bbox 449 2055 469 2110; x_wconf 81' lang='grc' dir='ltr'><em>γ</em></span> <span class='ocrx_word' id='word_1_124' title='bbox 513 2034 572 2094; x_wconf 92' lang='lat' dir='ltr'>Pau</span> 
     </span>
    </p>

    <p class='ocr_par' dir='ltr' id='par_1_6' title="bbox 451 2135 804 2199">
     <span class='ocr_line' id='line_1_17' title="bbox 451 2135 804 2199; baseline 0 -2"><span class='ocrx_word' id='word_1_125' title='bbox 451 2135 471 2197; x_wconf 90' lang='lat' dir='ltr'>d</span> <span class='ocrx_word' id='word_1_126' title='bbox 514 2137 624 2198; x_wconf 87' lang='lat' dir='ltr'>Baccha</span> <span class='ocrx_word' id='word_1_127' title='bbox 641 2157 707 2198; x_wconf 90' lang='lat' dir='ltr'>cum</span> <span class='ocrx_word' id='word_1_128' title='bbox 725 2138 804 2199; x_wconf 87' lang='lat' dir='ltr'>tibiis</span> 
     </span>
    </p>
   </div>
   <div class='ocr_carea' id='block_1_3' title="bbox 453 2241 1093 2528">
    <p class='ocr_par' dir='ltr' id='par_1_7' title="bbox 453 2241 1093 2528">
     <span class='ocr_line' id='line_1_18' title="bbox 456 2241 847 2321; baseline 0.003 -20"><span class='ocrx_word' id='word_1_129' title='bbox 456 2263 472 2301; x_wconf 82' lang='grc' dir='ltr'><em>ε</em></span> <span class='ocrx_word' id='word_1_130' title='bbox 514 2241 626 2302; x_wconf 87' lang='lat' dir='ltr'>Baccha</span> <span class='ocrx_word' id='word_1_131' title='bbox 642 2260 709 2302; x_wconf 91' lang='lat' dir='ltr'>cum</span> <span class='ocrx_word' id='word_1_132' title='bbox 726 2250 847 2321; x_wconf 87' lang='lat' dir='ltr'>tropaeo</span> 
     </span>
     <span class='ocr_line' id='line_1_19' title="bbox 454 2340 1093 2422; baseline 0.008 -19"><span class='ocrx_word' id='word_1_133' title='bbox 454 2340 472 2414; x_wconf 82' lang='grc' dir='ltr'><strong><em>ζ</em></strong></span> <span class='ocrx_word' id='word_1_134' title='bbox 513 2344 623 2405; x_wconf 88' lang='lat' dir='ltr'>Baccha</span> <span class='ocrx_word' id='word_1_135' title='bbox 640 2345 683 2404; x_wconf 83' lang='lat' dir='ltr'>vei</span> <span class='ocrx_word' id='word_1_136' title='bbox 700 2345 820 2422; x_wconf 80' lang='lat' dir='ltr'>Satyrus</span> <span class='ocrx_word' id='word_1_137' title='bbox 836 2344 931 2422; x_wconf 82' lang='lat' dir='ltr'>bigam</span> <span class='ocrx_word' id='word_1_138' title='bbox 948 2347 1093 2408; x_wconf 88' lang='lat' dir='ltr'>comitans</span> 
     </span>
     <span class='ocr_line' id='line_1_20' title="bbox 453 2446 990 2528; baseline 0.002 -21"><span class='ocrx_word' id='word_1_139' title='bbox 453 2447 594 2526; x_wconf 85' lang='lat' dir='ltr'>Sequitur</span> <span class='ocrx_word' id='word_1_140' title='bbox 608 2447 637 2507; x_wconf 94' lang='lat' dir='ltr'>in</span> <span class='ocrx_word' id='word_1_141' title='bbox 654 2446 792 2507; x_wconf 86' lang='lat' dir='ltr'>omnihus</span> <span class='ocrx_word' id='word_1_142' title='bbox 808 2447 990 2528; x_wconf 77' lang='lat' dir='ltr'>anaglyphis:</span> 
     </span>
    </p>
   </div>
   <div class='ocr_carea' id='block_1_4' title="bbox 452 2549 1582 4596">
    <p class='ocr_par' dir='ltr' id='par_1_8' title="bbox 457 2549 1033 2630">
     <span class='ocr_line' id='line_1_21' title="bbox 457 2549 1033 2630; baseline 0.005 -20"><span class='ocrx_word' id='word_1_143' title='bbox 457 2569 473 2610; x_wconf 90' lang='lat' dir='ltr'>o</span> <span class='ocrx_word' id='word_1_144' title='bbox 516 2550 691 2629; x_wconf 86' lang='lat' dir='ltr'>elephantus</span> <span class='ocrx_word' id='word_1_145' title='bbox 707 2569 773 2610; x_wconf 87' lang='lat' dir='ltr'>oum</span> <span class='ocrx_word' id='word_1_146' title='bbox 789 2549 897 2612; x_wconf 86' lang='lat' dir='ltr'>Indicis</span> <span class='ocrx_word' id='word_1_147' title='bbox 912 2552 1033 2630; x_wconf 86' lang='lat' dir='ltr'>captivis</span> 
     </span>
    </p>

    <p class='ocr_par' dir='ltr' id='par_1_9' title="bbox 453 2653 892 2729">
     <span class='ocr_line' id='line_1_22' title="bbox 453 2653 892 2729; baseline 0.002 -17"><span class='ocrx_word' id='word_1_148' title='bbox 453 2654 605 2714; x_wconf 79' lang='lat' dir='ltr'>Praeterea</span> <span class='ocrx_word' id='word_1_149' title='bbox 622 2661 793 2729; x_wconf 89' lang='lat' dir='ltr'>comparent</span> <span class='ocrx_word' id='word_1_150' title='bbox 808 2653 892 2715; x_wconf 87' lang='lat' dir='ltr'>haec:</span> 
     </span>
    </p>

    <p class='ocr_par' dir='ltr' id='par_1_10' title="bbox 452 2756 1502 2920">
     <span class='ocr_line' id='line_1_23' title="bbox 452 2756 1502 2823; baseline 0.006 -7"><span class='ocrx_word' id='word_1_151' title='bbox 452 2757 468 2816; x_wconf 97' lang='lat' dir='ltr'>d</span> <span class='ocrx_word' id='word_1_152' title='bbox 514 2756 622 2817; x_wconf 85' lang='lat' dir='ltr'>Baccha</span> <span class='ocrx_word' id='word_1_153' title='bbox 644 2756 751 2816; x_wconf 86' lang='lat' dir='ltr'>saltans</span> <span class='ocrx_word' id='word_1_154' title='bbox 782 2757 900 2818; x_wconf 83' lang='lat' dir='ltr'>adversa</span> <span class='ocrx_word' id='word_1_155' title='bbox 928 2759 1021 2819; x_wconf 85' lang='lat' dir='ltr'>altero</span> <span class='ocrx_word' id='word_1_156' title='bbox 1047 2757 1163 2819; x_wconf 86' lang='lat' dir='ltr'>sublato</span> <span class='ocrx_word' id='word_1_157' title='bbox 1195 2759 1313 2820; x_wconf 86' lang='lat' dir='ltr'>brachio</span> <span class='ocrx_word' id='word_1_158' title='bbox 1338 2760 1430 2822; x_wconf 82' lang='lat' dir='ltr'>attero</span> <span class='ocrx_word' id='word_1_159' title='bbox 1450 2764 1502 2823; x_wconf 91' lang='lat' dir='ltr'>de-</span> 
     </span>
     <span class='ocr_line' id='line_1_24' title="bbox 514 2859 614 2920; baseline 0 -2"><span class='ocrx_word' id='word_1_160' title='bbox 514 2859 614 2920; x_wconf 88' lang='lat' dir='ltr'>misso.</span> 
     </span>
    </p>

    <p class='ocr_par' dir='ltr' id='par_1_11' title="bbox 459 2961 1502 3249">
     <span class='ocr_line' id='line_1_25' title="bbox 459 2961 1502 3046; baseline 0.007 -25"><span class='ocrx_word' id='word_1_161' title='bbox 459 2983 474 3021; x_wconf 91' lang='lat' dir='ltr'>e</span> <span class='ocrx_word' id='word_1_162' title='bbox 519 2963 636 3023; x_wconf 79' lang='lat' dir='ltr'>Silenus</span> <span class='ocrx_word' id='word_1_163' title='bbox 653 2980 759 3041; x_wconf 88' lang='lat' dir='ltr'>magno</span> <span class='ocrx_word' id='word_1_164' title='bbox 774 2961 894 3024; x_wconf 85' lang='lat' dir='ltr'>innixus</span> <span class='ocrx_word' id='word_1_165' title='bbox 909 2963 1012 3024; x_wconf 90' lang='lat' dir='ltr'>bacuio</span> <span class='ocrx_word' id='word_1_166' title='bbox 1036 2963 1162 3024; x_wconf 86' lang='lat' dir='ltr'>feruiino</span> <span class='ocrx_word' id='word_1_167' title='bbox 1188 2972 1252 3026; x_wconf 88' lang='lat' dir='ltr'>toto</span> <span class='ocrx_word' id='word_1_168' title='bbox 1268 2983 1392 3045; x_wconf 88' lang='lat' dir='ltr'>corpore</span> <span class='ocrx_word' id='word_1_169' title='bbox 1416 2967 1502 3046; x_wconf 88' lang='lat' dir='ltr'>pallio</span> 
     </span>
     <span class='ocr_line' id='line_1_26' title="bbox 515 3066 1502 3149; baseline 0.007 -26"><span class='ocrx_word' id='word_1_170' title='bbox 515 3067 656 3135; x_wconf 85' lang='lat' dir='ltr'>vestitus,</span> <span class='ocrx_word' id='word_1_171' title='bbox 683 3066 732 3146; x_wconf 84' lang='lat' dir='ltr'>qui</span> <span class='ocrx_word' id='word_1_172' title='bbox 770 3069 957 3128; x_wconf 78' lang='lat' dir='ltr'>dextrorsum</span> <span class='ocrx_word' id='word_1_173' title='bbox 989 3066 1083 3146; x_wconf 87' lang='lat' dir='ltr'>pergit</span> <span class='ocrx_word' id='word_1_174' title='bbox 1112 3077 1210 3129; x_wconf 87' lang='lat' dir='ltr'>erecto</span> <span class='ocrx_word' id='word_1_175' title='bbox 1239 3088 1379 3147; x_wconf 92' lang='lat' dir='ltr'>corpore,</span> <span class='ocrx_word' id='word_1_176' title='bbox 1408 3088 1502 3149; x_wconf 90' lang='lat' dir='ltr'>neque</span> 
     </span>
     <span class='ocr_line' id='line_1_27' title="bbox 518 3168 1457 3249; baseline 0.004 -21"><span class='ocrx_word' id='word_1_177' title='bbox 518 3168 640 3228; x_wconf 90' lang='lat' dir='ltr'>omnino</span> <span class='ocrx_word' id='word_1_178' title='bbox 656 3177 690 3228; x_wconf 93' lang='lat' dir='ltr'>ut</span> <span class='ocrx_word' id='word_1_179' title='bbox 706 3187 796 3229; x_wconf 83' lang='lat' dir='ltr'>senex</span> <span class='ocrx_word' id='word_1_180' title='bbox 814 3168 913 3229; x_wconf 91' lang='lat' dir='ltr'>ebrius</span> <span class='ocrx_word' id='word_1_181' title='bbox 935 3170 986 3229; x_wconf 89' lang='lat' dir='ltr'>sed</span> <span class='ocrx_word' id='word_1_182' title='bbox 1009 3178 1041 3230; x_wconf 91' lang='lat' dir='ltr'>ut</span> <span class='ocrx_word' id='word_1_183' title='bbox 1061 3170 1247 3249; x_wconf 88' lang='lat' dir='ltr'>paedagogus</span> <span class='ocrx_word' id='word_1_184' title='bbox 1268 3171 1383 3232; x_wconf 84' lang='lat' dir='ltr'>effictus</span> <span class='ocrx_word' id='word_1_185' title='bbox 1406 3185 1457 3232; x_wconf 89' lang='lat' dir='ltr'>cst.</span> 
     </span>
    </p>

    <p class='ocr_par' dir='ltr' id='par_1_12' title="bbox 464 3271 1500 3352">
     <span class='ocr_line' id='line_1_28' title="bbox 464 3271 1500 3352; baseline 0.003 -20"><span class='ocrx_word' id='word_1_186' title='bbox 464 3273 478 3332; x_wconf 86' lang='lat' dir='ltr'>i</span> <span class='ocrx_word' id='word_1_187' title='bbox 521 3274 550 3348; x_wconf 78' lang='lat'>1)</span> <span class='ocrx_word' id='word_1_188' title='bbox 587 3271 726 3332; x_wconf 86' lang='lat' dir='ltr'>Hercules</span> <span class='ocrx_word' id='word_1_189' title='bbox 743 3271 822 3333; x_wconf 90' lang='lat' dir='ltr'>solus</span> <span class='ocrx_word' id='word_1_190' title='bbox 839 3271 912 3350; x_wconf 89' lang='lat' dir='ltr'>pelle</span> <span class='ocrx_word' id='word_1_191' title='bbox 927 3271 1043 3332; x_wconf 89' lang='lat' dir='ltr'>leonina</span> <span class='ocrx_word' id='word_1_192' title='bbox 1060 3273 1180 3332; x_wconf 89' lang='lat' dir='ltr'>indutus</span> <span class='ocrx_word' id='word_1_193' title='bbox 1196 3275 1288 3334; x_wconf 79' lang='lat' dir='ltr'>facem</span> <span class='ocrx_word' id='word_1_194' title='bbox 1305 3291 1410 3352; x_wconf 89' lang='lat' dir='ltr'>gerens</span> <span class='ocrx_word' id='word_1_195' title='bbox 1431 3275 1500 3335; x_wconf 82' lang='lat' dir='ltr'>dex-</span> 
     </span>
    </p>

    <p class='ocr_par' dir='ltr' id='par_1_13' title="bbox 585 3373 880 3436">
     <span class='ocr_line' id='line_1_29' title="bbox 585 3373 880 3436; baseline -0.007 0"><span class='ocrx_word' id='word_1_196' title='bbox 585 3383 714 3436; x_wconf 89' lang='lat' dir='ltr'>trorsum</span> <span class='ocrx_word' id='word_1_197' title='bbox 731 3373 880 3435; x_wconf 89' lang='lat' dir='ltr'>incedens.</span> 
     </span>
    </p>

    <p class='ocr_par' dir='ltr' id='par_1_14' title="bbox 517 3477 1498 3869">
     <span class='ocr_line' id='line_1_30' title="bbox 517 3477 1498 3560; baseline 0.004 -22"><span class='ocrx_word' id='word_1_198' title='bbox 517 3477 550 3559; x_wconf 84' lang='lat'>2)</span> <span class='ocrx_word' id='word_1_199' title='bbox 587 3479 725 3540; x_wconf 86' lang='lat' dir='ltr'>Hercules</span> <span class='ocrx_word' id='word_1_200' title='bbox 756 3479 853 3539; x_wconf 89' lang='lat' dir='ltr'>nudus</span> <span class='ocrx_word' id='word_1_201' title='bbox 883 3477 983 3539; x_wconf 88' lang='lat' dir='ltr'>ebrius</span> <span class='ocrx_word' id='word_1_202' title='bbox 1013 3478 1162 3560; x_wconf 77' lang='lat' dir='ltr'>aSatyris</span> <span class='ocrx_word' id='word_1_203' title='bbox 1178 3480 1284 3542; x_wconf 87' lang='lat' dir='ltr'>ductus</span> <span class='ocrx_word' id='word_1_204' title='bbox 1316 3489 1345 3541; x_wconf 89' lang='lat' dir='ltr'>et</span> <span class='ocrx_word' id='word_1_205' title='bbox 1379 3479 1498 3542; x_wconf 90' lang='lat' dir='ltr'>brachiis</span> 
     </span>
     <span class='ocr_line' id='line_1_31' title="bbox 584 3581 1496 3661; baseline 0.003 -19"><span class='ocrx_word' id='word_1_206' title='bbox 584 3589 769 3643; x_wconf 85' lang='lat' dir='ltr'>sustentatus</span> <span class='ocrx_word' id='word_1_207' title='bbox 785 3581 946 3661; x_wconf 82' lang='lat' dir='ltr'>Nympham</span> <span class='ocrx_word' id='word_1_208' title='bbox 963 3581 1134 3659; x_wconf 90' lang='lat' dir='ltr'>aggrediens</span> <span class='ocrx_word' id='word_1_209' title='bbox 1157 3583 1203 3642; x_wconf 93' lang='lat' dir='ltr'>cui</span> <span class='ocrx_word' id='word_1_210' title='bbox 1220 3591 1329 3644; x_wconf 85' lang='lat' dir='ltr'>vestem</span> <span class='ocrx_word' id='word_1_211' title='bbox 1352 3583 1496 3645; x_wconf 87' lang='lat' dir='ltr'>detrahere</span> 
     </span>
     <span class='ocr_line' id='line_1_32' title="bbox 582 3685 1496 3765; baseline 0.004 -19"><span class='ocrx_word' id='word_1_212' title='bbox 582 3695 722 3759; x_wconf 68' lang='lat' dir='ltr'>conatum</span> <span class='ocrx_word' id='word_1_213' title='bbox 735 3687 843 3746; x_wconf 86' lang='lat' dir='ltr'>clavam</span> <span class='ocrx_word' id='word_1_214' title='bbox 857 3685 920 3745; x_wconf 85' lang='lat' dir='ltr'>cius</span> <span class='ocrx_word' id='word_1_215' title='bbox 933 3685 1108 3765; x_wconf 87' lang='lat' dir='ltr'>pierumque</span> <span class='ocrx_word' id='word_1_216' title='bbox 1121 3685 1242 3764; x_wconf 77' lang='lat' dir='ltr'>Satyrus</span> <span class='ocrx_word' id='word_1_217' title='bbox 1255 3687 1352 3748; x_wconf 87' lang='lat' dir='ltr'>inians</span> <span class='ocrx_word' id='word_1_218' title='bbox 1365 3687 1496 3750; x_wconf 83' lang='lat' dir='ltr'>veidmor</span> 
     </span>
     <span class='ocr_line' id='line_1_33' title="bbox 582 3797 688 3869; baseline -0.009 -22"><span class='ocrx_word' id='word_1_219' title='bbox 582 3797 688 3869; x_wconf 90' lang='lat' dir='ltr'>portat.</span> 
     </span>
    </p>

    <p class='ocr_par' dir='ltr' id='par_1_15' title="bbox 581 3890 1493 4072">
     <span class='ocr_line' id='line_1_34' title="bbox 666 3890 1493 3971; baseline 0.005 -21"><span class='ocrx_word' id='word_1_220' title='bbox 666 3890 820 3951; x_wconf 88' lang='lat' dir='ltr'>Praeterea</span> <span class='ocrx_word' id='word_1_221' title='bbox 843 3891 933 3950; x_wconf 87' lang='lat' dir='ltr'>semei</span> <span class='ocrx_word' id='word_1_222' title='bbox 950 3901 1101 3971; x_wconf 88' lang='lat' dir='ltr'>comparet</span> <span class='ocrx_word' id='word_1_223' title='bbox 1128 3891 1268 3953; x_wconf 83' lang='lat' dir='ltr'>Hercules</span> <span class='ocrx_word' id='word_1_224' title='bbox 1295 3891 1325 3952; x_wconf 95' lang='lat' dir='ltr'>in</span> <span class='ocrx_word' id='word_1_225' title='bbox 1348 3911 1430 3954; x_wconf 92' lang='lat' dir='ltr'>curru</span> <span class='ocrx_word' id='word_1_226' title='bbox 1444 3895 1493 3954; x_wconf 92' lang='lat' dir='ltr'>tri-</span> 
     </span>
     <span class='ocr_line' id='line_1_35' title="bbox 581 3992 721 4072; baseline -0.014 -18"><span class='ocrx_word' id='word_1_227' title='bbox 581 3992 721 4072; x_wconf 86' lang='lat' dir='ltr'>umplraii.</span> 
     </span>
    </p>

    <p class='ocr_par' dir='ltr' id='par_1_16' title="bbox 462 4095 1582 4596">
     <span class='ocr_line' id='line_1_36' title="bbox 462 4095 1491 4177; baseline 0.003 -19"><span class='ocrx_word' id='word_1_228' title='bbox 462 4119 476 4158; x_wconf 88' lang='lat' dir='ltr'>z</span> <span class='ocrx_word' id='word_1_229' title='bbox 521 4097 642 4158; x_wconf 81' lang='lat' dir='ltr'>Femina</span> <span class='ocrx_word' id='word_1_230' title='bbox 658 4097 763 4174; x_wconf 87' lang='lat' dir='ltr'>gallum</span> <span class='ocrx_word' id='word_1_231' title='bbox 781 4095 811 4156; x_wconf 87' lang='lat' dir='ltr'>in</span> <span class='ocrx_word' id='word_1_232' title='bbox 827 4112 875 4156; x_wconf 89' lang='lat' dir='ltr'>ara</span> <span class='ocrx_word' id='word_1_233' title='bbox 891 4095 1057 4158; x_wconf 86' lang='lat' dir='ltr'>sacrificans</span> <span class='ocrx_word' id='word_1_234' title='bbox 1072 4106 1140 4158; x_wconf 87' lang='lat' dir='ltr'>ante</span> <span class='ocrx_word' id='word_1_235' title='bbox 1156 4099 1202 4159; x_wconf 89' lang='lat' dir='ltr'>dei</span> <span class='ocrx_word' id='word_1_236' title='bbox 1224 4134 1262 4141; x_wconf 60' lang='lat'>—=</span> <span class='ocrx_word' id='word_1_237' title='bbox 1286 4098 1335 4177; x_wconf 88' lang='lat' dir='ltr'>qui</span> <span class='ocrx_word' id='word_1_238' title='bbox 1352 4115 1409 4158; x_wconf 92' lang='lat' dir='ltr'>non</span> <span class='ocrx_word' id='word_1_239' title='bbox 1423 4119 1491 4160; x_wconf 86' lang='lat' dir='ltr'>sero-</span> 
     </span>
     <span class='ocr_line' id='line_1_37' title="bbox 518 4198 1489 4280; baseline 0.007 -21"><span class='ocrx_word' id='word_1_240' title='bbox 518 4199 703 4280; x_wconf 87' lang='lat' dir='ltr'>pervidetur</span> <span class='ocrx_word' id='word_1_241' title='bbox 730 4217 794 4259; x_wconf 86' lang='lat' dir='ltr'>esse</span> <span class='ocrx_word' id='word_1_242' title='bbox 810 4198 943 4258; x_wconf 86' lang='lat' dir='ltr'>Bacchus</span> <span class='ocrx_word' id='word_1_243' title='bbox 969 4198 1192 4277; x_wconf 85' lang='lat' dir='ltr'>-imaginem</span> <span class='ocrx_word' id='word_1_244' title='bbox 1238 4202 1332 4274; x_wconf 81' lang='lat' dir='ltr'>Quam</span> <span class='ocrx_word' id='word_1_245' title='bbox 1360 4223 1489 4278; x_wconf 87' lang='lat' dir='ltr'>scaenam,</span> 
     </span>
     <span class='ocr_line' id='line_1_38' title="bbox 516 4301 1487 4387; baseline 0.007 -25"><span class='ocrx_word' id='word_1_246' title='bbox 516 4321 582 4364; x_wconf 90' lang='lat' dir='ltr'>cum</span> <span class='ocrx_word' id='word_1_247' title='bbox 621 4304 707 4366; x_wconf 87' lang='lat' dir='ltr'>etiam</span> <span class='ocrx_word' id='word_1_248' title='bbox 745 4303 776 4362; x_wconf 93' lang='lat' dir='ltr'>in</span> <span class='ocrx_word' id='word_1_249' title='bbox 811 4301 957 4362; x_wconf 78' lang='lat' dir='ltr'>Bacchidis</span> <span class='ocrx_word' id='word_1_250' title='bbox 993 4303 1195 4382; x_wconf 83' lang='lat' dir='ltr'>sarcophagis,</span> <span class='ocrx_word' id='word_1_251' title='bbox 1234 4305 1284 4383; x_wconf 88' lang='lat' dir='ltr'>qui</span> <span class='ocrx_word' id='word_1_252' title='bbox 1321 4325 1487 4387; x_wconf 87' lang='lat' dir='ltr'>nequaquam</span> 
     </span>
     <span class='ocr_line' id='line_1_39' title="bbox 516 4404 1582 4488; baseline 0.008 -23"><span class='ocrx_word' id='word_1_253' title='bbox 516 4406 550 4465; x_wconf 93' lang='lat' dir='ltr'>ad</span> <span class='ocrx_word' id='word_1_254' title='bbox 570 4405 698 4466; x_wconf 89' lang='lat' dir='ltr'>indicam</span> <span class='ocrx_word' id='word_1_255' title='bbox 716 4404 930 4483; x_wconf 87' lang='lat' dir='ltr'>expeditionem</span> <span class='ocrx_word' id='word_1_256' title='bbox 947 4405 1126 4485; x_wconf 84' lang='lat' dir='ltr'>pertineant,</span> <span class='ocrx_word' id='word_1_257' title='bbox 1144 4407 1244 4468; x_wconf 87' lang='lat' dir='ltr'>dextra</span> <span class='ocrx_word' id='word_1_258' title='bbox 1266 4417 1348 4488; x_wconf 91' lang='lat' dir='ltr'>parte</span> <span class='ocrx_word' id='word_1_259' title='bbox 1375 4418 1486 4474; x_wconf 83' lang='lat' dir='ltr'>extrema</span> <span class='ocrx_word' id='word_1_260' title='bbox 1581 4457 1582 4462; x_wconf 19' lang='grc' dir='ltr'>η</span> 
     </span>
     <span class='ocr_line' id='line_1_40' title="bbox 519 4509 1487 4596; baseline 0.01 -29"><span class='ocrx_word' id='word_1_261' title='bbox 519 4518 695 4586; x_wconf 86' lang='lat' dir='ltr'>compareat,</span> <span class='ocrx_word' id='word_1_262' title='bbox 720 4526 819 4586; x_wconf 87' lang='lat' dir='ltr'>neque</span> <span class='ocrx_word' id='word_1_263' title='bbox 841 4509 958 4587; x_wconf 91' lang='lat' dir='ltr'>proprie</span> <span class='ocrx_word' id='word_1_264' title='bbox 980 4510 1014 4568; x_wconf 95' lang='lat' dir='ltr'>ad</span> <span class='ocrx_word' id='word_1_265' title='bbox 1039 4529 1176 4588; x_wconf 88' lang='lat' dir='ltr'>pompam</span> <span class='ocrx_word' id='word_1_266' title='bbox 1200 4512 1349 4592; x_wconf 88' lang='lat' dir='ltr'>pertinere</span> <span class='ocrx_word' id='word_1_267' title='bbox 1365 4514 1487 4596; x_wconf 86' lang='lat' dir='ltr'>exipsius</span> 
     </span>
    </p>
   </div>
   <div class='ocr_carea' id='block_1_5' title="bbox 0 0 1613 5236">
    <p class='ocr_par' dir='ltr' id='par_1_17' title="bbox 0 0 1613 5236">
     <span class='ocr_line' id='line_1_41' title="bbox 0 0 1613 5236; baseline 0 0"><span class='ocrx_word' id='word_1_268' title='bbox 0 0 1613 5236; x_wconf 95' lang='lat' dir='ltr'> </span> 
     </span>
    </p>
   </div>
  </div>
 </body>
</html>
