3202 5246
533 349 782 459 ſsia„-

78 577 138 638 illa
171 577 211 639 ab
240 577 407 658 insequenti
437 575 619 654 seiungitnr3
651 577 756 655 plenae
786 574 849 635 eius
873 571 1064 652 descriptioni
1094 592 1109 633 a
1140 571 1246 633 hlatzio

78 681 187 740 datae
221 680 311 759 (lll-ll
339 677 434 756 2272)
467 679 540 739 addo
564 679 752 758 elephantum
787 678 880 757 capita
915 675 1000 736 sertis
1035 685 1138 736 ornata
1170 693 1244 736 esse.

79 784 232 844 Alteram
268 802 404 845 scaenam
439 783 532 861 ipsam
568 781 693 842 induas
720 788 819 861 partes
843 780 939 841 divido
968 797 1093 859 quarum
1119 779 1244 858 primam

80 887 257 966 componit
279 906 346 948 oum
362 887 447 947 leone
471 895 500 946 et
522 883 629 964 Satyris
645 884 715 956 Pan,
732 918 772 928 -
790 874 923 964 Satyrus
937 882 988 963 qui
1010 901 1025 943 a
1048 882 1125 944 laeva
1149 883 1246 944 Panos

82 991 285 1070 conspicitur
300 999 458 1052 coronatus
475 996 527 1058 est,
543 988 575 1048 in
591 973 711 1050 recessu
728 988 796 1066 equi
812 989 923 1067 pictum
946 994 991 1048 est
1014 992 1101 1065 eaput
1122 985 1151 1047 in
1165 985 1246 1059 Cob.‚

85 1093 184 1172 quod
211 1111 309 1155 errore
325 1113 379 1174 pro
403 1091 505 1156 cameli
527 1092 638 1153 lactum
663 1111 728 1152 esse
749 1089 833 1154 testis
857 1097 901 1150 est
922 1087 996 1150 Matz
1019 1087 1129 1168 (2272)
1150 1090 1245 1150 —ad

84 1197 235 1270 alteram,
263 1217 338 1278 quae
361 1197 481 1277 captivis
504 1204 627 1266 constat,
659 1195 798 1256 transitus
827 1192 860 1252 lit
882 1192 986 1272 Satyro
1015 1211 1136 1271 prorsus
1164 1202 1246 1254 recte

84 1301 254 1382 descripto
277 1321 291 1362 a
314 1301 426 1386 Mattio,
449 1298 611 1360 incredibili
634 1317 734 1360 errore
756 1315 810 1377 pro
834 1296 944 1357 Raecha
967 1295 1067 1356 habito
1091 1294 1246 1369 alluhnio,

85 1405 145 1484 qui
165 1423 232 1465 non
248 1405 327 1475 vidit,
344 1406 459 1482 longam
476 1422 564 1483 quarn
580 1409 697 1482 putaret
719 1402 807 1462 huius
831 1399 926 1480 Satyri
951 1407 1063 1460 vestem
1087 1399 1246 1480 chlamydis

89 1511 244 1564 constare
268 1514 395 1566 extrema
419 1512 512 1583 parte.
547 1523 604 1584 qua
639 1504 762 1565 vestitus
790 1512 836 1565 est
866 1502 996 1582 captivus
1030 1505 1128 1566 nudus
1159 1505 1203 1565 vel
1230 1523 1246 1564 a

87 1605 211 1666 Matzio
235 1607 345 1677 dictus3
378 1607 470 1666 immo
506 1607 634 1686 chlamys
668 1607 810 1668 cervicem
845 1607 907 1668 eius
935 1606 1098 1668 circumdat
1126 1607 1180 1679 ita,
1213 1616 1248 1669 ut

88 1717 200 1770 totum
216 1719 314 1790 pateat
329 1720 455 1790 tergum,
471 1711 498 1770 id
516 1711 594 1790 quod
612 1711 721 1788 optime
737 1710 912 1790 perspicitur
927 1709 958 1769 in
971 1708 1040 1770 Cob.
1054 1711 1247 1791 firmaturque

88 1813 271 1891 fragmento
308 1813 385 1875 inira
413 1814 588 1893 apponendo
628 1814 687 1892 (nr.
717 1814 788 1892 4a);
822 1824 954 1874 ceterum
983 1813 1087 1892 longos
1114 1814 1247 1893 captivus
1308 1871 1310 1876 .

89 1916 143 1976 ille
170 1915 263 1977 habet
285 1917 412 1996 capillos.
435 1917 610 2002 ⁴Feminam
634 1917 786 1996 captivam,
811 1917 893 1978 cuius
917 1913 1035 1977 brachia
1067 1913 1100 1974 in
1130 1922 1246 1990 tergum

90 2015 244 2077 reclinata
267 2025 345 2088 sunt,
369 2035 444 2096 puer
466 2017 558 2082 alatus
574 2021 670 2082 nudus
689 2057 731 2066 -
750 2022 840 2082 Amor
855 2055 897 2063 —
919 2039 934 2081 a
957 2021 1036 2080 laeva
1059 2024 1142 2096 parte
1164 2017 1247 2078 vide-

91 2129 148 2180 tur
180 2120 341 2199 impellere,
357 2121 527 2184 adolescens
561 2125 659 2186 nudus
683 2159 723 2169 —
747 2126 868 2204 Satyrus
884 2157 925 2168 —-
951 2142 967 2184 a
990 2123 1091 2184 dextra
1119 2119 1245 2181 trahere.

93 2222 258 2283 Feminam
286 2242 359 2302 quae
382 2235 448 2304 post
476 2231 613 2288 Amorem
642 2228 819 2308 conspicitur
853 2227 1010 2307 captivam,
1044 2223 1156 2304 reliqua
1188 2223 1246 2284 duo

94 2327 198 2405 capita
225 2327 397 2406 Satyrorum
421 2347 485 2389 esse
501 2341 583 2409 puto.
602 2332 714 2392 Arbore
731 2331 907 2394 terminatur
931 2329 1018 2390 etiam
1036 2328 1109 2388 haec
1131 2345 1245 2388 scaena.

93 2430 208 2490 Restat
231 2449 331 2508 eques,
355 2432 471 2492 aculus
494 2434 571 2496 laeva
601 2435 633 2496 in
655 2454 775 2498 recessu
792 2443 944 2514 comparet
954 2432 1123 2494 adolescens
1137 2431 1245 2500 nudus,

94 2549 253 2612 supraque
276 2533 359 2594 cuius
387 2544 475 2615 caput
505 2537 615 2598 eminet
640 2539 793 2611 ‚vexillum
828 2539 905 2618 quod
940 2554 1001 2596 non
1034 2534 1097 2614 ipse
1130 2533 1246 2595 videtur

95 2653 207 2712 gerere
239 2636 290 2696 sed
321 2635 368 2696 ille
404 2639 488 2700 euius
517 2659 606 2720 supra
637 2642 704 2722 equi
734 2649 823 2720 eaput
852 2639 959 2701 taciem
989 2637 1077 2698 vides.
1130 2635 1246 2698 Finitur

95 2737 201 2818 imago
233 2739 333 2818 Satyro
365 2743 416 2821 qui
452 2743 524 2804 circa
552 2745 668 2806 lumbos
697 2744 819 2805 nebride
842 2744 969 2815 cinctus,
1001 2741 1097 2804 adstat
1119 2739 1245 2802 mediam

98 2849 174 2901 ante
207 2849 322 2920 portam
349 2862 406 2922 qua
429 2847 605 2908 terminatur
627 2867 712 2926 opus,
737 2847 861 2908 habenis
884 2864 994 2925 equum
1005 2844 1027 2920 ι)
1052 2844 1174 2906 ducens.

189 2943 218 3004 2.
243 2944 309 3005 Pal.
332 2945 467 3008 Albani.
504 2949 596 3030 Zoega
620 2950 748 3012 Bassiril.
771 2950 792 3010 1.
817 2962 872 3011 tav.
896 2950 926 3022 7,
949 2949 972 3008 Ε
995 2948 1071 3027 apud
1095 2946 1282 3025 P(eterse-2

99 3050 200 3124 num).
246 3047 314 3108 ll-ll
338 3047 430 3110 2273.

192 3152 395 3232 Anaglyphnm
424 3155 556 3233 quamvis
585 3157 728 3238 temporis
761 3155 917 3236 iniquitate
949 3153 1078 3234 pessime
1104 3151 1246 3225 habitum,

101 3250 142 3313 ita
168 3263 201 3314 ut
223 3254 335 3334 singula
363 3257 409 3316 vix
430 3258 658 3337 distinguantur,
686 3270 787 3320 tamen
802 3257 906 3320 eximia
922 3257 1141 3336 pulchritudine
1157 3256 1248 3318 luisse

106 3357 302 3418 nuncetiam
326 3369 455 3438 apparet.
495 3361 560 3423 Stili
582 3381 700 3443 quoque
721 3362 936 3443 simplieitatem
960 3361 1107 3440 quandam
1133 3358 1247 3420 meliori

105 3460 195 3520 aetati
218 3461 368 3540 propriam
391 3481 459 3542 prae
483 3483 515 3524 se
538 3467 594 3526 lert
617 3466 792 3546 compositio
815 3466 909 3544 plana,
940 3482 1015 3543 quae
1042 3463 1128 3540 longe
1160 3460 1249 3522 distat

103 3596 317 3608 -—.——

104 3675 192 3731 postea
221 3685 402 3734 cognoscemus
426 3689 584 3724 commoveor
604 3675 896 3742 exemplis-bestiarum,
923 3688 985 3740 qnae
1003 3679 1101 3724 tantuna
1120 3673 1193 3727 abest
1219 3677 1247 3720 nt

104 3768 149 3818 pro
163 3763 234 3807 certa
248 3758 333 3822 aliqua
351 3759 497 3816 animalium
516 3761 599 3827 speeie
617 3761 719 3824 agnosci
738 3761 838 3827 possint
855 3760 990 3827 (staturam
1008 3759 1102 3810 babent
1119 3758 1165 3808 vix
1178 3758 1247 3808 leoni

106 3839 222 3906 similem,
247 3843 321 3894 immo
340 3860 419 3911 paene
437 3847 502 3909 cani,
523 3855 597 3912 caput
616 3847 720 3898 leaenae
739 3863 794 3897 cnm
812 3847 888 3898 barba
908 3843 1028 3912 tigridis),
1046 3845 1173 3908 utlingna
1191 3859 1248 3908 ger·

106 3929 203 3980 manica
222 3945 266 3981 aas
283 3931 329 3981 vix
349 3932 426 3982 aliter
444 3933 568 3983 nominari
587 3933 680 3997 licent,
698 3941 774 3999 atque
792 3934 929 4001 ‘stylisirta
951 3929 1109 3983 raubhatze’.
1153 3929 1179 3980 ln
1199 3945 1247 3995 quo

107 4017 356 4081 rernmdiserimine‚
375 4034 430 4068 curn
444 4019 590 4085 pantheram
608 4020 728 4086 imprimis
742 4019 838 4070 baceho
858 4035 956 4071 sacram
974 4017 1056 4069 luisse
1073 4024 1182 4080 constet,
1202 4031 1247 4080 ego

14 4096 21 4108 ”
107 4100 251 4168 plerumque
269 4105 416 4170 pantheram
434 4105 497 4156 illud
526 4106 665 4157 bestiarum
688 4122 766 4170 genus
794 4107 934 4173 appellabo.
980 4105 1058 4170 Quam
1086 4103 1117 4154 ob
1144 4118 1197 4154 rann
1224 4102 1247 4152 si

107 4189 147 4238 cni
171 4191 391 4256 reprehendendus
409 4192 481 4242 visus
500 4193 546 4242 sim
566 4195 714 4258 zoologieae
732 4194 863 4243 doctrinae
883 4192 1010 4244 sectatori
1029 4191 1162 4254 severiori,
1187 4205 1248 4240 eon-

108 4273 203 4326 sideret
226 4276 311 4340 velim,
329 4293 378 4327 non
400 4277 438 4328 ita
450 4285 593 4329 accuratam
606 4279 745 4330 bestiarum
764 4279 883 4330 notitiam
901 4279 1016 4344 potuisse
1035 4277 1246 4342 sarcophagorum
1318 4263 1320 4267 ’

107 4357 197 4412 hahere
221 4362 321 4428 opiliees
340 4363 383 4415 vel
401 4379 433 4414 en
459 4365 642 4431 compositione
661 4365 807 4416 animalium
833 4365 925 4415 Romae
946 4345 1047 4429 publiea
1064 4364 1246 4429 productorum

109 4459 238 4512 apparere,
256 4465 328 4516 quarn
347 4451 418 4501 dedit
436 4450 618 4503 Friedlacnder
637 4453 808 4516 Sittengesch.
828 4450 902 4502 Roms
922 4449 949 4500 ll.
969 4449 1026 4499 332,

175 4536 194 4598 ¹)
213 4523 334 4588 Fortasse
353 4553 400 4587 non
421 4545 461 4588 est
478 4552 555 4610 equus¹
574 4541 617 4589 sad
637 4539 727 4590 mulus.

1056 4621 1090 4675 2*
