3202 5246
783 404 1005 468 ..36-

323 601 410 665 quern
435 582 507 662 siglo
529 583 583 664 lg)
600 591 736 644 notatum
753 582 869 662 saepius
883 581 1049 643 invenimus
1066 581 1142 642 inter
1157 579 1317 660 anaglypha
1333 597 1470 660 quorum

325 687 413 749 modo
436 687 605 750 enumeravi
628 685 744 749 seriem.

271 805 304 856 26
407 789 685 853 autumant.
732 789 824 868 Zoega
848 788 883 849 ll.
907 785 958 848 67.
1002 787 1101 849 Eich.

270 980 301 1030 at
408 964 459 1026 27.
490 965 643 1044 Singulare
659 964 754 1026 adhuc
769 972 815 1025 est
829 963 1061 1042 fragmentum)
1076 963 1107 1024 in
1123 981 1182 1042 quo
1197 960 1328 1022 bacchus
1345 968 1376 1022 et
1391 959 1475 1020 Her·

323 1067 403 1130 cules
425 1068 529 1130 eodem
553 1085 641 1130 curru
675 1066 769 1128 iuncti
804 1073 885 1136 sunt,
920 1065 1065 1127 centauris
1088 1064 1163 1144 bigis
1186 1065 1269 1128 vecti.
1312 1064 1403 1126 Extat
1439 1062 1475 1124 in

322 1171 494 1233 Vaticano
518 1170 664 1252 (boggia
689 1169 886 1249 scoperta.)
1061 1179 1064 1185 ·

406 1274 480 1336 blus.
503 1272 566 1336 Pio.
590 1274 632 1336 Cl.
655 1274 699 1334 tv.
723 1272 774 1334 26.

407 1377 492 1440 lnitio
529 1376 644 1438 tabulae
682 1384 835 1456 comparet
866 1375 953 1454 plane
990 1393 1058 1436 curn
1096 1383 1167 1456 typo
1204 1374 1248 1436 hl
1284 1372 1471 1453 conspirans

322 1466 434 1542 Bacbha
455 1502 479 1541 e.

407 1673 449 1734 lte
482 1672 618 1752 ignorare
652 1671 750 1734 videar
781 1692 855 1754 quaa
890 1673 1025 1736 consulto
1060 1670 1162 1744 omisi,
1196 1670 1365 1752 appendicis
1401 1671 1473 1731 loco

322 1793 467 1840 enumero
489 1775 630 1854 primum,
653 1794 728 1856 quae
750 1780 875 1840 fortasse
897 1777 933 1838 ad
954 1783 1086 1838 nostram
1109 1793 1172 1836 rern
1194 1775 1363 1854 pertineant
1387 1775 1476 1854 frag·

324 1887 439 1942 menta:

284 1981 286 1984 ’
410 1985 440 2058 1)
462 1980 533 2042 lt-lt
557 1980 650 2044 2282.
696 1983 725 2046 S.
748 1983 846 2044 Paolo.
894 1983 1025 2065 Elephas.

408 2083 441 2161 2)
464 2086 532 2147 Μ-Ι)
555 2082 649 2146 2279.
693 2085 767 2148 blus.
792 2087 867 2150 della
891 2087 1041 2167 Sapienza.

410 2189 474 2252 Duo
497 2190 671 2268 fragmenta,
694 2190 725 2250 in
748 2191 855 2270 quibus
877 2197 948 2252 sunt
970 2188 1084 2270 captivi,
1106 2187 1227 2258 Baccha,
1250 2186 1359 2248 asinus

407 2293 494 2366 Tum,
518 2311 593 2372 quac
616 2295 741 2356 fortasse
769 2294 816 2354 alii
845 2293 1024 2375 putaverint,
1054 2292 1112 2354 huc
1138 2290 1279 2352 trahenda
1303 2308 1386 2358 esse,
1416 2293 1474 2352 sed

322 2397 361 2459 ita
385 2405 554 2476 comparata
576 2395 647 2469 sint,
672 2405 704 2457 ut
724 2397 799 2458 nihil
821 2397 894 2458 certi
915 2415 950 2458 en
973 2396 1008 2458 iis
1031 2403 1178 2476 appareat,
1193 2402 1264 2454 sunt
1286 2393 1370 2456 haec:

409 2500 439 2573 ι)
461 2498 530 2558 no
554 2481 647 2561 obal.
694 2500 753 2561 rar.
770 2501 935 2562 castellan.

409 2602 441 2675 2)
464 2601 676 2680 Fragmentum
699 2603 917 2666 Britannicum:
956 2602 1053 2664 Soane
1075 2601 1217 2674 Museum,
1240 2600 1424 2681 descriptum
1453 2621 1472 2662 a

321 2703 423 2767 Mattio
446 2706 641 2784 inapparatu
666 2707 865 2786 manuscripto
888 2724 933 2768 nr.
956 2706 1026 2766 744.

408 2807 623 2870 Centaurorum
641 2808 717 2888 biga.

406 2984 543 3064 Apparet,
568 2982 596 3044 ei
618 2982 667 3064 qui
697 2986 738 3046 (le
767 2985 973 3066 archetypo
995 2983 1122 3046 classis
1145 2982 1178 3043 ll
1199 2980 1308 3061 aliquid
1331 2989 1470 3042 statuere

321 3085 389 3147 velit
405 3085 533 3148 maxime
549 3085 579 3146 in
595 3105 715 3150 censum
734 3089 878 3150 vocandos
895 3107 957 3150 esse
974 3097 1065 3150 testes
1082 3085 1195 3148 ordinis
1207 3086 1230 3146 Α
1241 3086 1267 3157 1,
1285 3103 1362 3156 narn,
1379 3094 1412 3145 ut
1428 3083 1469 3146 de

321 3190 343 3250 B
366 3198 476 3251 taceam
493 3189 572 3270 quod
594 3189 694 3270 paucis
717 3201 832 3254 constat
855 3191 996 3272 exemplis
1018 3207 1146 3272 quorum
1169 3208 1235 3250 cunr
1260 3188 1354 3249 thiaso
1377 3187 1467 3248 sirni-

320 3293 413 3354 litudo
436 3312 468 3354 ea
491 3303 545 3364 est,
578 3295 662 3356 utin
686 3294 740 3357 hac
763 3295 935 3375 quaestione
958 3313 1080 3376 prorsus
1104 3293 1255 3354 abicienda
1278 3292 1347 3364 sint,
1372 3291 1465 3354 etiam

320 3394 371 3456 Α2
394 3407 424 3456 et
445 3395 495 3457 ta
518 3395 600 3458 nullo
627 3399 786 3459 constituto
819 3408 899 3460 certo
933 3399 1037 3460 ordine
1069 3397 1171 3459 cadem
1205 3396 1368 3457 ostendunt
1401 3395 1469 3456 ele·

323 3507 432 3571 menta,
456 3516 583 3579 quorum
606 3518 675 3580 pars
704 3501 823 3581 quidem
858 3503 893 3564 ad
927 3519 1063 3564 normam
1096 3499 1244 3581 quandam
1278 3507 1468 3562 constantem

320 3601 482 3682 composita
505 3611 551 3662 est
572 3601 604 3664 in
627 3603 686 3664 hl.

406 3706 493 3768 Vides
517 3705 661 3769 elementa
685 3707 715 3768 in
738 3707 809 3770 duas
838 3717 936 3788 partes
960 3707 1055 3770 abire:
1089 3707 1125 3768 ab
1156 3708 1245 3769 altera
1277 3714 1335 3768 stat
1355 3723 1466 3767 scaena

321 3807 498 3889 principalis,
522 3826 610 3887 quam
634 3811 708 3890 siglo
725 3813 746 3870 Α
762 3813 802 3872 la
826 3813 869 3873 vel
886 3811 960 3873 hth
984 3809 1205 3889 comprehendi,
1229 3809 1276 3871 cui
1299 3809 1410 3871 accedit
1433 3809 1467 3870 in
1588 3863 1589 3902 3

321 3911 462 3974 omnibus
483 3912 651 3994 anaglyphis
674 3915 793 3994 elephas
816 3917 944 3995 captivos
967 3925 1088 3995 portans
1113 3917 1163 3990 (c).
1207 3913 1308 3993 ltaque
1330 3910 1468 3992 Ala-lc

320 4016 408 4080 etiarn
436 4015 467 4080 iu
483 4015 641 4097 archetypo
664 4017 707 4078 sic
728 4017 820 4080 fuisse
843 4019 938 4080 debet.
967 4019 1010 4080 Ab
1034 4017 1124 4080 altera
1147 4027 1229 4098 parte
1252 4024 1330 4078 stant
1351 4015 1465 4094 reliqua

389 4191 411 4257 ¹)
429 4189 562 4240 llorcnlern
581 4188 647 4241 enim
666 4192 850 4254 agnoscendum
868 4207 934 4256 esse,
952 4207 1097 4260 quamquam
1116 4197 1142 4242 et
1160 4191 1232 4240 clava
1251 4189 1324 4239 deest
1342 4195 1369 4240 ot
1389 4188 1464 4254 pellis

320 4276 431 4340 leonina,
450 4283 563 4342 apparet.

389 4364 410 4425 2)
429 4361 551 4414 Tabulam
571 4381 620 4414 non
641 4379 697 4415 esse
716 4365 856 4427 integrant,
884 4365 908 4414 il
927 4365 991 4430 quod
1010 4379 1056 4429 per
1074 4379 1101 4414 sc
1121 4362 1252 4429 probabile
1280 4370 1333 4426 est,
1360 4369 1465 4426 apparet

320 4465 351 4500 ox
371 4451 484 4502 editione
502 4453 608 4516 quadam
632 4452 703 4502 cuins
728 4465 793 4499 nunc
811 4451 883 4502 tituli
902 4450 997 4500 oblitus
1017 4465 1080 4500 sum.
1125 4449 1284 4502 Communem
1310 4447 1466 4512 triumphum

319 4535 433 4587 Indicum
453 4537 530 4587 etiam
549 4535 704 4588 Petersenus
724 4538 831 4601 agnovit
849 4538 877 4602 (l.
898 4537 914 4588 l.
934 4553 956 4604 p.
977 4535 1045 4604 384).
