3202 5246
809 414 1029 477 ...32-

838 590 937 672 'lupus
959 589 1023 652 Α3.

919 702 941 764 l.

230 855 233 860 .
308 816 340 870 19
437 803 484 864 19.
507 805 684 868 Vaticano.
728 805 858 868 visconti
881 805 954 867 llus.
977 804 1121 867 Chiaram.
1147 807 1157 867 l
1181 805 1221 867 34
1249 805 1311 866 Pet.
1340 806 1373 866 Α.
1401 805 1509 868 Eich.

433 928 487 989 αι’
509 930 533 980 ⁸2

434 1011 505 1074 Post
536 1019 691 1091 tropaeum
725 1011 833 1090 pedum
867 1012 1063 1091 conspicitur,
1092 1013 1130 1074 ita
1166 1022 1199 1074 ut
1232 1012 1378 1074 hocloco
1403 1013 1509 1091 possit

348 1115 417 1176 olim
442 1116 573 1178 extitisse
595 1116 632 1196 β,
666 1114 750 1176 cuius
784 1124 881 1175 tamen
909 1133 989 1176 nunc
1018 1133 1056 1177 ne
1080 1116 1235 1178 minimum
1258 1115 1379 1195 quidem
1406 1115 1502 1176 vesti-

348 1219 428 1296 gium
451 1228 505 1280 est.

433 1343 461 1403 p,
484 1319 515 1391 δ,
537 1341 581 1400 e„
604 1341 629 1382 z.
730 1320 732 1324 ’

432 1424 586 1505 Elephanti
610 1435 640 1484 et
662 1424 765 1486 cameli
788 1442 915 1505 quorum
938 1425 1039 1505 plures
1062 1434 1234 1504 comparent
1248 1425 1323 1486 nihil
1346 1443 1420 1485 cum
1440 1425 1505 1484 ele-

308 1605 312 1611 Ι
349 1535 451 1590 mento
473 1533 507 1601 ,c‘
531 1546 690 1590 commuue
713 1528 831 1591 hahent.
904 1613 929 1672 H

305 1719 338 1768 ²⁰
433 1725 483 1786 20.
510 1724 628 1786 Uliizi.
672 1725 751 1786 Gori.
773 1726 799 1786 J.
822 1725 855 1786 ll.
879 1725 911 1785 Α.
934 1725 982 1786 lll.
1010 1723 1056 1783 19.

504 1828 670 1890 Duetschhe
692 1826 742 1888 99.
788 1829 889 1888 Eich.

433 1953 485 2010 o„
507 1913 537 2005 h,
561 1951 589 2003 n,
613 1929 643 2003 δ,
665 1951 732 2005 o,e
763 1950 791 2011 p.

433 2034 636 2114 Sarcophagus
649 2035 771 2114 quinon
783 2053 874 2113 pauca
886 2033 1023 2094 sedreote
1036 2035 1157 2112 praehet
1171 2034 1378 2114 supplementa
1386 2035 1419 2096 in
1430 2035 1497 2096 uni-

348 2156 466 2199 versum
489 2137 643 2199 severioris
659 2137 731 2198 artis
752 2137 833 2216 leges
848 2136 990 2216 sequitur,
1013 2137 1187 2218 compositio
1203 2157 1384 2218 quamquam
1404 2137 1495 2199 divisa

348 2249 393 2302 est
415 2241 496 2321 quasi
530 2241 560 2318 in
594 2241 774 2302 anteriorem
798 2249 828 2301 et
849 2240 1042 2320 posteriorem
1066 2257 1212 2313 scaenam,
1243 2250 1343 2302 tauron
1367 2243 1493 2302 omniuo

298 2398 304 2412 ,
347 2344 435 2406 etiam
460 2353 538 2405 caret
561 2343 658 2424 parvis
681 2343 737 2404 illis
760 2343 862 2422 figuris
883 2343 990 2422 quihus
1019 2343 1166 2422 posterior
1192 2350 1273 2404 aetas
1303 2344 1338 2404 ad
1363 2345 1492 2424 spatium

346 2447 519 2526 replendum
550 2466 600 2508 usa
623 2456 683 2522 est3
712 2447 842 2510 Roberto
871 2446 965 2508 iudice
988 2446 1077 2508 etiam
1106 2445 1236 2506 secundo
1258 2464 1287 2525 p.
1311 2446 1341 2506 G.
1374 2447 1492 2508 saeculo

346 2550 559 2611 adscribendus
582 2559 636 2612 est.

430 2653 503 2714 Vitis
530 2672 605 2734 quae
632 2660 677 2714 est
706 2654 736 2714 in
767 2653 919 2733 anaglyphi
941 2652 1040 2722 initio,
1074 2670 1142 2712 cum
1172 2651 1208 2712 ad
1232 2667 1370 2712 umerum
1395 2650 1489 2730 Satyri

347 2775 380 2816 se
403 2755 548 2836 applicet,
576 2758 732 2837 Ampelum
756 2759 835 2819 huuc
856 2757 1021 2818 vocandum
1048 2762 1150 2816 censet
1172 2753 1377 2824 Duetschlu'us,
1402 2755 1488 2816 nimis

347 2861 471 2920 fortasse
494 2869 615 2937 argutus
637 2861 668 2921 in
690 2861 740 2922 tali
761 2879 852 2941 opere
873 2859 1106 2940 interpretando.

431 2963 464 3023 lu
487 2963 618 3024 centauri
640 2963 729 3026 dorso
752 2966 843 3025 hmor
865 2962 959 3024 stabat
982 2981 1049 3024 cum
1071 2961 1185 3034 vexillo,
1207 2959 1236 3020 id
1252 2961 1330 3039 quod
1347 2980 1391 3020 ex.
1408 2961 1484 3022 Eich.

347 3065 418 3127 satis
441 3066 518 3127 clare
541 3077 670 3148 apparet.

432 3168 551 3230 Silenus
580 3169 669 3230 modo
697 3169 849 3249 superiore
879 3171 1012 3251 corporis
1041 3176 1124 3248 parte
1146 3184 1234 3246 supra
1256 3167 1414 3246 pantheras
1436 3169 1483 3246 qui

348 3269 468 3331 Liberae
491 3289 611 3332 currum
634 3273 755 3333 trahunt
777 3273 902 3344 eminet3
926 3290 1026 3352 neque
1047 3272 1078 3331 in
1102 3269 1196 3350 spatio
1218 3269 1248 3329 in
1272 3288 1330 3349 quo
1353 3279 1482 3348 expecta-

346 3374 422 3434 veris
444 3375 534 3454 pedes
557 3375 620 3436 eius
643 3376 780 3437 videntur
802 3377 934 3456 expressi
956 3375 1055 3437 luisse.

304 3605 334 3657 21
431 3587 481 3649 21.
505 3589 594 3651 Villa
617 3590 753 3652 Medici.
797 3590 867 3652 Coh.
891 3592 919 3652 7.
942 3589 969 3650 ll
995 3586 1063 3650 138.
1087 3587 1156 3650 tlt-u
1179 3585 1272 3650 2303.

431 3689 748 3771 QOEQQQK

431 3793 514 3868 Quod
549 3795 618 3857 huic
650 3796 781 3874 catalogo
810 3795 925 3858 inserui
948 3796 1027 3858 hunc
1052 3794 1279 3874 sarcophagum,
1308 3809 1477 3872 quamquam

347 3915 400 3959 nec
422 3897 547 3960 Victoria
570 3917 667 3978 neque
690 3898 780 3959 ludici
796 3899 901 3978 captivi
918 3917 1015 3978 neque
1035 3892 1181 3978 elephanti
1197 3897 1227 3957 in
1251 3913 1286 3957 eo
1308 3903 1477 3974 comparent,

346 4001 402 4062 leci
425 4019 492 4063 cum
517 4010 637 4081 propter
659 4002 880 4082 thyrsolouchas
906 4002 1013 4082 quibus
1036 4002 1138 4062 armati
1161 4007 1232 4062 sunt
1254 4007 1283 4062 et
1305 3998 1426 4060 Bacchus
1447 4007 1476 4059 et

345 4103 442 4166 socius
465 4105 529 4166 eius
553 4115 616 4168 tum
640 4115 763 4185 propter
784 4123 930 4167 summam
955 4125 1021 4168 cum
1044 4103 1232 4185 praecedenti
1252 4101 1473 4164 similitudinem.

414 4277 434 4343 ¹)
453 4276 486 4326 Et
504 4278 514 4327 l
532 4284 558 4328 et
575 4293 599 4328 ru
617 4285 643 4327 et
666 4293 729 4344 quae
753 4293 767 4327 a
790 4279 881 4329 dextra
909 4279 965 4329 cius
990 4285 1063 4329 extat
1087 4278 1128 4328 dei
1159 4278 1248 4327 llerma
1275 4289 1392 4326 summam
1423 4289 1472 4325 cona

346 4359 435 4412 iisdem
449 4362 475 4412 in
490 4365 520 4415 ll
535 4365 666 4414 elementis
681 4363 804 4429 praebent
817 4365 1020 4430 similitudinem,
1033 4365 1098 4430 quod
1112 4363 1281 4430 anaglyphum
1294 4363 1371 4412 otiam
1382 4369 1472 4425 propter

346 4449 432 4500 stilum
451 4465 505 4500 cum
523 4451 570 4499 hoc
588 4451 785 4516 componendum
804 4459 857 4514 est3
881 4451 964 4502 medio
983 4451 1024 4501 vel
1043 4450 1140 4500 ineunti
1168 4449 1271 4500 saeculo
1290 4465 1313 4514 p.
1332 4447 1359 4496 C.
1378 4447 1470 4496 seeundo

347 4543 478 4602 utrumque
497 4537 645 4588 adscribere
664 4553 713 4586 uon
733 4537 830 4586 dubito.
1030 4541 1031 4544 ’
