3202 5246
799 409 1018 472 ..46-

421 585 559 648 llerculis
581 584 661 648 inter
676 585 781 648 Bacchi
805 585 976 648 comitatum
1000 594 1101 666 partes
1124 601 1183 646 non
1207 601 1307 646 meum
1331 592 1379 645 est
1401 598 1500 643 nunc

335 690 485 770 persequi,
511 689 584 751 haec
609 677 710 752 tamen
736 691 765 751 in
783 689 951 752 universum
976 687 1091 762 addam,
1119 687 1258 768 componi
1285 687 1382 748 solere
1405 685 1495 747 Her·
1521 769 1527 779 .

336 795 430 856 culem
454 812 521 855 cnm
538 793 651 856 Baccho
675 793 780 874 triplici
796 793 918 856 ratione.
956 794 1088 856 Primum
1106 791 1268 854 enimcum
1287 789 1401 852 Baccho
1418 788 1495 868 ipso

336 897 522 962 consociatur
543 898 683 982 llercules
710 897 793 959 cuius
823 898 1053 960 consociationis
1082 915 1157 977 qnae
1185 895 1255 957 artis
1283 898 1494 955 monumenta

335 1001 498 1083 praebeant
519 1001 650 1082 exempla
673 1001 791 1080 collegit
812 1001 982 1064 Welcherus
1004 1001 1120 1082 (Theoi.
1144 1000 1193 1061 Gr.
1216 999 1250 1060 ll.
1274 1018 1303 1079 p.
1328 996 1405 1070 613)
1433 994 1494 1075 qui

335 1125 370 1167 ox
393 1105 562 1168 conditione
585 1121 646 1166 non
669 1123 729 1166 uno
753 1105 874 1166 nomine
896 1105 984 1166 simili
1007 1123 1064 1186 qua
1079 1112 1206 1182 uterque
1220 1103 1293 1163 deus
1309 1120 1384 1163 usus
1401 1107 1494 1161 esset

336 1227 398 1270 eam
437 1209 597 1289 explicavit.
663 1208 894 1272 similitudinem
924 1209 1001 1270 illam
1033 1211 1181 1286 eleganter
1224 1205 1361 1286 exposuit
1396 1211 1493 1284 pocta

335 1312 453 1391 ignotus
483 1313 515 1374 in
544 1313 700 1375 notissimo
722 1313 915 1392 Anthologiae
945 1312 1110 1374 Planndeae
1141 1311 1372 1390 epigrammate,
1401 1306 1491 1386 quod

335 1417 460 1496 protulit
484 1417 613 1478 visconti
636 1417 672 1478 ad
693 1417 902 1478 illustrandum
925 1416 1121 1494 anaglyphum
1144 1414 1318 1476 Vaticanum
1344 1411 1428 1491 (27):

419 1520 537 1582 Anthol.
563 1521 620 1582 Pal.
645 1521 680 1580 ed
704 1519 851 1582 Duehner.
875 1519 947 1580 xvl.
975 1519 1033 1580 185

450 1617 652 1706 Ἀμφότεροι
677 1618 831 1705 Θήβηθο,
855 1621 910 1684 καὶ
933 1616 1117 1703 ἀμφότεροι
1141 1617 1356 1698 πολεμισταὶ,

540 1721 600 1808 κήκ
624 1723 745 1808 Ζηνός·
790 1725 907 1810 θύρσῳ
931 1723 1050 1798 δεινὸς,
1072 1719 1090 1786 ὁ
1114 1721 1151 1786 δὲ
1174 1720 1320 1807 ῥοπάλῳ.

450 1825 591 1912 Ἀμφοῖν
613 1827 651 1892 δὲ
673 1828 790 1912 στῆλαι
814 1831 1042 1910 σοντέρμονες·
1080 1823 1189 1889 εἴκελα
1211 1826 1240 1889 d'
1264 1819 1366 1900 tate,

533 1930 641 2015 νεβρίς
664 1931 806 2020 λειονοῇ,
831 1929 984 2015 κύμβαλα
1006 1929 1043 1994 δὲ
1066 1927 1228 2020 πλαταγῇ.

450 2029 530 2119 Ἤρη
554 2033 582 2098 d’
605 2031 807 2120 ἀμφοτέροις
829 2034 955 2120 χαλεπή
980 2032 1071 2110 θεός.
1119 2031 1161 2098 Oi
1184 2031 1282 2097 d’drrd
1304 2033 1402 2115 γαίης

532 2133 641 2222 ἦλθον
663 2136 696 2213 ἐς
717 2137 909 2214 ἀθανάτους
930 2139 966 2202 ἐκ
989 2137 1093 2222 πυρὸς
1115 2133 1311 2221 ἀμφότεροι.

419 2243 497 2305 Tum
520 2261 588 2305 cum
604 2244 712 2324 Satyris
728 2244 848 2324 aliisque
871 2245 957 2306 thiasi
973 2244 1106 2326 personis
1129 2241 1318 2324 componitur
1334 2239 1482 2302 Hercules

333 2346 508 2428 plerumque
537 2346 654 2418 ebrius,
685 2348 713 2409 id
743 2349 823 2428 quod
849 2349 906 2409 iam
939 2357 1043 2429 quarto
1066 2369 1090 2410 a.
1115 2349 1145 2410 C.
1173 2347 1289 2408 saeculo
1319 2347 1365 2406 vel
1394 2344 1481 2424 prins

335 2449 423 2512 etiam
451 2449 562 2514 factum
596 2470 661 2512 esse
691 2451 799 2512 docent
827 2462 1021 2516 monumenta
1047 2453 1171 2514 collecta
1198 2469 1212 2512 a
1241 2448 1363 2510 Jahnio:
1408 2448 1478 2507 Ant.

235 2569 237 2575 ’
334 2553 493 2615 Bilderchr.
506 2573 534 2634 p.
547 2553 597 2614 42.
614 2557 650 2616 cl.
667 2554 826 2635 Stephani:
849 2557 1035 2618 husruhend.
1050 2555 1167 2617 Herahl.
1191 2573 1219 2634 p.
1239 2551 1297 2614 198
1322 2571 1385 2631 sqq.
1403 2551 1477 2612 adde

334 2675 408 2736 quae
424 2658 523 2718 attulit
540 2657 669 2738 picturae
685 2658 883 2740 Pompeianae
900 2659 1004 2721 editor.
1037 2660 1165 2722 Giornal.
1181 2659 1210 2718 d.
1227 2657 1310 2718 Scavi
1327 2657 1356 2717 d.
1374 2655 1476 2734 Pomp.

333 2759 367 2821 N.
391 2761 421 2821 S.
445 2760 506 2840 lp.
530 2760 568 2822 31
595 2771 624 2822 et
646 2779 720 2842 quae
745 2753 914 2824 Welckerus
941 2764 973 2824 in
1005 2763 1226 2844 Supplementis
1254 2761 1290 2822 ad
1316 2759 1473 2836 Trilogiam

334 2863 522 2943 Aeschyleam
544 2883 572 2944 p.
597 2863 657 2926 318
680 2885 745 2946 sqq.
770 2867 820 2945 qui
842 2886 858 2928 a
887 2868 1018 2928 dramate
1041 2868 1173 2948 Satyrico
1201 2867 1233 2928 in
1256 2867 1333 2926 hanc
1361 2872 1473 2943 partem

244 3032 245 3036 ,
335 2966 464 3029 excultas
488 2987 554 3030 esse
576 2977 661 3046 putat
676 2969 794 3032 Herculi
809 2969 921 3032 fabulas
945 2971 1125 3032 assentiente
1140 2970 1246 3032 Jahnio
1270 2969 1300 3044 (l.
1324 2968 1341 3028 l.
1366 2987 1394 3047 p.
1411 2965 1473 3045 43).

418 3071 510 3132 Tertii
540 3073 668 3153 deniqne
691 3073 815 3152 generis,
839 3076 919 3154 quod
943 3074 1090 3136 Bacchum
1120 3093 1187 3136 cum
1210 3073 1337 3134 Hercule
1368 3071 1472 3132 trium-

333 3175 475 3254 phantem
492 3174 638 3246 exhibeat.
663 3195 731 3240 cum
746 3177 824 3240 inter
846 3179 1014 3258 antiquiora
1038 3187 1232 3240 monumenta
1257 3176 1372 3238 nullum
1397 3183 1472 3236 extet

334 3280 511 3360 exemplum,
534 3291 615 3341 recte
643 3299 657 3342 a
684 3300 731 3343 me
752 3290 825 3361 puto
841 3299 1032 3343 communem
1056 3282 1238 3361 triumphum
1255 3298 1315 3342 non
1339 3277 1472 3340 similiter

334 3389 424 3462 atque
446 3383 576 3463 primum
599 3403 692 3464 genus
714 3385 765 3446 sed
788 3403 823 3446 ex
845 3384 943 3447 lndica
967 3385 1153 3466 expeditione
1176 3386 1349 3466 explicatum
1373 3402 1444 3444 esse.

720 3715 875 3798 nepum
897 3716 1090 3785 Productl.

893 3892 915 3952 l.

419 3995 582 4078 Triumpho
604 3999 648 4061 vel
670 4001 769 4081 potius
792 4021 900 4084 pompa
924 4011 1039 4084 peracta
1063 4004 1098 4065 ad
1120 4021 1152 4065 ea
1176 4021 1224 4064 me
1246 4009 1385 4064 converto
1401 4019 1464 4062 ana·

333 4100 437 4180 glypha
453 4101 484 4162 in
500 4102 606 4182 quibus
622 4093 728 4185 captivi
743 4107 948 4186 producuntur
964 4115 1032 4169 ante
1047 4107 1147 4169 oculos
1163 4105 1267 4168 Bacchi
1289 4103 1416 4168 sedentis
1435 4105 1463 4166 in

334 4203 404 4266 sella
420 4206 498 4268 velut
512 4205 674 4287 imperator
690 4208 885 4290 triumphans.
923 4211 1058 4285 Quorum
1073 4210 1188 4274 nullum
1205 4209 1327 4272 ineunte
1341 4207 1462 4272 secundo

332 4325 361 4386 p.
385 4307 415 4370 C.
439 4311 554 4372 saeculo
577 4310 693 4374 videtur
714 4313 863 4376 recentius
886 4333 960 4376 esse.

290 4440 323 4492 28
421 4411 470 4474 28.
495 4414 607 4495 lncipio
636 4417 852 4497 asarcophago
887 4417 938 4497 qui
972 4419 1126 4482 Salerni
1161 4425 1206 4478 est
1238 4417 1269 4479 in
1303 4416 1460 4478 cathedrali.

334 4513 475 4590 Gerhard‚
505 4517 537 4578 Α.
561 4518 593 4579 Β.
625 4518 694 4580 109.
718 4519 747 4579 2.
772 4520 800 4582 3.
825 4520 922 4582 Eich.
