3202 5246
787 391 1004 454 ...16-

328 567 567 648 apostoriorum
594 562 858 630 monumentorum
881 568 1030 648 plenitate.
1071 567 1211 631 Tabulam
1233 567 1266 630 iu
1287 568 1377 630 laeva
1407 571 1509 646 parte

328 679 494 734 truncatam
518 689 582 734 esse
604 677 730 734 testatur
751 671 789 732 Μ.

414 772 486 834 Tres
518 792 661 853 personae
683 795 698 837 a
721 775 828 856 quibus
859 775 956 837 tabula
986 791 1066 836 nunc
1087 773 1198 853 incipit,
1234 775 1359 853 Satyrus
1407 769 1508 832 mulo

329 875 437 937 vehens
460 876 629 940 dimidiatus
652 889 682 941 et
704 879 763 940 duo
785 877 833 940 alii
856 878 1059 941 adulescentes
1082 877 1224 949 coronati,
1246 893 1387 958 quorum
1420 875 1509 938 alter

329 979 452 1042 nebride
474 981 599 1044 amictus
622 991 666 1044 est
688 982 764 1044 circa
786 981 911 1056 lumbos,
925 982 1011 1062 plane
1034 981 1203 1062 conspirant
1219 999 1285 1042 curn
1302 979 1418 1042 tribus
1440 977 1508 1040 illis

330 1083 442 1161 liguris,
464 1103 539 1164 quae
555 1086 643 1148 finem
659 1085 772 1148 iaciunt
786 1085 986 1147 antecedentis
1003 1084 1164 1165 anaglyphi.
1202 1084 1276 1146 Nam
1293 1083 1506 1162 gravissima,

331 1205 407 1266 quae
428 1188 507 1250 inter
529 1196 669 1270 utrasque
692 1189 856 1252 intercedat
878 1189 1041 1262 diversitas,
1065 1207 1098 1250 ea
1123 1196 1167 1250 est
1182 1187 1262 1268 quod
1277 1186 1507 1249 adulescentis

329 1291 407 1353 illius
430 1291 552 1354 nebride
575 1293 663 1356 cincti
680 1294 771 1373 magis
787 1293 903 1374 obliqua
918 1292 994 1356 lacta
1010 1301 1056 1354 est
1077 1293 1173 1371 imago
1196 1292 1228 1352 in
1250 1291 1433 1372 anaglypho
1463 1290 1504 1350 de

330 1413 389 1476 quo
420 1397 533 1476 agimus
573 1407 602 1459 et
625 1397 701 1476 quod
735 1397 832 1478 paullo
866 1397 987 1476 propius
1021 1397 1101 1457 mulo
1135 1396 1240 1456 adstat.
1284 1393 1349 1455 Meo
1390 1395 1505 1473 igitur

330 1497 394 1559 iure
426 1498 561 1580 thyrsum
594 1500 638 1560 vel
661 1501 773 1574 lacem,
807 1519 894 1580 quam
917 1500 1005 1561 tertio
1028 1499 1206 1560 adulescenti
1236 1497 1379 1571 deditii,
1411 1505 1501 1578 puto

330 1601 425 1663 vexilli
450 1621 513 1664 esse
536 1603 673 1682 reliquias
696 1603 853 1684 pileumque,
878 1604 908 1664 in
931 1622 988 1684 qua
1011 1602 1151 1665 solarium
1175 1601 1406 1683 deprehendere
1435 1599 1501 1662 sibi
1568 1521 1570 1650 Ι

331 1706 385 1768 visi
407 1713 478 1767 sunt
500 1705 579 1767 idem
603 1715 632 1767 et
655 1706 758 1785 zoega,
782 1714 892 1786 portae.

416 1809 534 1883 Deinde,
563 1827 638 1889 quae
661 1810 787 1871 mediam
818 1811 879 1873 iere
906 1817 990 1871 tenet
1014 1810 1131 1872 tabulae
1153 1827 1273 1882 scaena,
1305 1809 1414 1870 eadem
1446 1815 1497 1868 est

331 1921 419 1995 atque
451 1913 507 1988 illa,
542 1931 632 1994 quam
656 1914 846 1994 principalem
880 1933 946 1975 esse
979 1914 1190 1994 dimidiamque
1219 1920 1332 1992 partem
1357 1912 1495 1993 explere
1569 1939 1570 2018 q

332 2017 391 2079 dixi
413 2017 443 2078 in
465 2034 510 2078 nr.
529 2017 562 2091 13
585 2017 641 2078 nisi
663 2017 742 2097 quod
765 2017 905 2097 desunt¹)
928 2018 986 2078 duo
1007 2017 1048 2078 illi
1072 2017 1175 2096 Satyri,
1198 2035 1273 2096 quos
1289 2016 1325 2078 ab
1348 2023 1493 2094 utraque
1566 2027 1568 2110 y

331 2120 436 2183 Bacchi
459 2129 540 2201 parte
561 2106 673 2182 stantes
694 2121 820 2182 vidimus
840 2121 907 2182 illic.
932 2123 1053 2202 Satyrus
1075 2121 1124 2201 qui
1148 2121 1243 2200 bigam
1266 2120 1297 2180 in
1321 2139 1378 2200 qna
1404 2120 1491 2181 deus
1566 2122 1569 2207 l

332 2221 446 2282 vehitur
479 2223 643 2302 praecedit,
675 2223 808 2304 thyrsum
831 2231 946 2306 portat,
979 2225 1078 2304 itaque
1110 2223 1197 2284 etiam
1232 2224 1262 2283 in
1291 2241 1337 2284 nr.
1362 2224 1389 2282 1.
1417 2239 1489 2284 non
1563 2217 1568 2368 q

331 2323 445 2385 hastam
468 2326 520 2386 sed
542 2325 676 2407 thyrsum
711 2347 778 2390 eum
800 2327 931 2389 tenuisse
960 2327 1109 2407 probabile
1140 2335 1192 2388 est.
1227 2325 1322 2413 *Scitu
1344 2344 1407 2388 non
1433 2327 1488 2387 in·
1567 2369 1569 2411 y

332 2427 453 2506 dignum
487 2429 615 2501 videtur,
644 2449 723 2510 pone
758 2450 893 2494 umerum
927 2431 987 2492 eius
1022 2431 1124 2492 eodem
1151 2430 1216 2492 loco
1239 2449 1298 2510 quo
1321 2431 1411 2492 arbor
1438 2437 1488 2490 est
1564 2413 1567 2492 l

331 2531 362 2592 in
379 2549 423 2592 nr.
442 2531 456 2592 1Ι
475 2531 505 2592 in
521 2533 576 2594 boc
598 2535 758 2616 anaglypho
782 2553 950 2614 comparere
971 2534 1143 2614 posterioris
1159 2532 1306 2613 elephanti
1321 2531 1486 2612 probosci-

332 2634 399 2695 dem
421 2635 478 2696 alte
502 2646 638 2698 erectam.
683 2638 798 2700 Finitul·
820 2639 919 2700 tabula
935 2638 1048 2700 duabus
1065 2637 1213 2711 feminisl)
1237 2637 1354 2698 camelis
1377 2635 1485 2708 vectis,
1565 2670 1566 2682 ι

332 2755 415 2817 quae,
439 2757 506 2800 curn
529 2741 734 2820 praecedentes
758 2761 823 2803 eam
850 2761 974 2822 pompae
1000 2751 1113 2821 partem
1135 2741 1167 2802 iu
1190 2759 1248 2821 qua
1264 2741 1387 2820 ipsesit
1404 2742 1485 2802 deus
1565 2795 1567 2813 s

331 2842 529 2921 respondeant
561 2844 676 2906 duobus
698 2845 755 2907 illis
789 2845 935 2926 equitibus
959 2846 1010 2925 qui
1031 2864 1153 2907 currum
1179 2853 1361 2926 sequuntur,
1392 2863 1481 2925 sym·
1563 2827 1565 2886 l

334 2946 455 3008 metriae
467 2966 555 3027 quam
568 2968 705 3010 vocamus
717 2949 884 3011 studiosum
900 2948 992 3010 luisse
1007 2957 1134 3024 arguunt
1149 2947 1304 3030 anaglyphi
1330 2948 1481 3028 opificem.
1565 2896 1569 2995 i

333 3050 412 3111 lntra
436 3052 561 3114 camelos
584 3061 628 3114 est
649 3054 705 3115 leo.
749 3054 782 3114 ln
806 3071 850 3114 nr.
876 3055 890 3113 1
916 3071 1093 3133 quamquam
1117 3071 1170 3132 pro
1192 3053 1247 3113 hac
1262 3053 1315 3114 alia
1339 3070 1480 3132 expressa
1564 2997 1567 3080 [

334 3161 379 3216 est
400 3171 513 3228 scaena,
536 3164 646 3227 tamen,
670 3156 748 3235 quod
772 3156 852 3216 casui
874 3156 1002 3218 tribuere
1026 3157 1133 3230 nolim,
1161 3165 1190 3216 et
1213 3156 1314 3218 cameli
1338 3166 1427 3236 caput
1451 3163 1482 3215 et
1564 3148 1568 3210 l

334 3257 379 3318 leo
402 3277 525 3338 prorsus
548 3261 675 3320 eundem
698 3268 801 3320 tenent
824 3260 920 3320 locum
945 3267 1034 3340 atque
1057 3260 1089 3321 in
1112 3259 1168 3320 hoc
1190 3261 1362 3340 anaglypho.
1496 3251 1499 3259 ’

299 3367 314 3416 3
420 3359 448 3421 3.
471 3361 602 3423 Tertium
620 3363 717 3424 locum
733 3369 834 3424 teneat
849 3362 1045 3442 anaglyphum
1070 3363 1148 3443 quod
1173 3373 1217 3426 est
1238 3363 1269 3422 in
1291 3361 1478 3424 Vaticano:
1564 3385 1568 3426 ι

286 3467 288 3472 ’
418 3463 493 3526 Mus.
516 3463 626 3527 Pio-Cl.
649 3463 749 3526 tuta
774 3470 809 3526 cl.
833 3465 924 3526 Millin
947 3465 1019 3526 Gall.
1043 3467 1133 3546 myth.
1157 3463 1334 3527 superero:
1358 3464 1394 3526 Μ.

419 3567 461 3628 lle
482 3567 598 3630 tabulae
618 3575 697 3630 statu
713 3587 804 3649 pauca
828 3571 915 3632 modo
931 3569 1041 3630 addidit
1057 3569 1160 3642 editor,
1182 3570 1223 3632 ita
1246 3577 1332 3630 utne
1354 3568 1383 3628 id
1408 3569 1478 3647 qui·
1565 3580 1569 3610 ι’

336 3669 402 3731 dem
426 3671 562 3744 sciamus,
585 3672 739 3752 integrane
763 3673 809 3735 sit
856 3673 887 3734 Si
907 3673 1065 3734 imitationi
1088 3683 1134 3734 est
1155 3673 1238 3742 fides,
1261 3673 1346 3759 nullo
1365 3670 1478 3734 laborat

337 3773 444 3836 mendo
466 3767 753 3857 pulchritudinisque
776 3775 899 3838 eximiae
922 3776 998 3840 bene
1020 3777 1202 3840 conservavit
1224 3775 1387 3856 vestigia³).
1564 3783 1567 3874 y

1568 3908 1569 3948 l

405 4020 425 4085 ¹)
444 4019 534 4072 Utrum
552 4035 579 4070 re
598 4035 661 4073 vera
679 4021 763 4072 desint
781 4037 813 4073 an
830 4023 903 4073 modo
917 4023 953 4074 ita
971 4023 1133 4086 evanuerint,
1153 4029 1182 4073 nt
1198 4023 1278 4073 adhuc
1296 4021 1404 4072 nondum
1423 4020 1474 4070 ani·
1566 4073 1567 4080 q

337 4106 465 4158 madversi
493 4107 554 4172 sint,
582 4123 638 4158 cnm
656 4108 752 4160 ceteris
770 4124 833 4174 qnae
852 4109 927 4159 dubia
951 4123 1008 4160 csse
1032 4109 1122 4160 videas
1154 4125 1229 4175 spero
1254 4107 1324 4174 iore,
1352 4115 1380 4158 ut
1397 4107 1474 4158 denuo
1567 4086 1568 4112 ³

338 4196 483 4246 examinato
501 4194 643 4263 anaglypho
663 4195 798 4246 discamus.

405 4282 426 4348 ²)
443 4281 563 4334 Feminae
582 4289 641 4333 sunt
659 4289 729 4332 certe
748 4281 853 4348 blumio,
872 4281 914 4347 qni
932 4288 1001 4333 recte
1020 4297 1066 4348 pro
1085 4282 1194 4348 captivis
1207 4281 1301 4332 lndicis
1316 4295 1359 4332 eas
1376 4278 1474 4343 hubuit3
1567 4325 1568 4328 ,

338 4368 382 4418 scd
401 4383 447 4420 nec
465 4375 551 4420 vestes
569 4368 660 4432 longae
679 4385 725 4419 nec
744 4368 831 4434 capilli
849 4368 914 4419 satis
934 4375 1005 4419 certo
1024 4369 1147 4420 evincunt
1164 4365 1269 4419 feminas
1287 4381 1330 4417 cas
1349 4381 1414 4417 esse.

406 4455 427 4522 ³)
445 4454 562 4506 Visconti
581 4455 598 4506 l.
616 4457 634 4506 l.
653 4471 677 4522 p.
699 4455 744 4507 167
764 4453 919 4505 haecdicit:
937 4453 986 4505 ‘Lo
1009 4455 1069 4506 stile
1087 4455 1129 4506 dcl
1153 4455 1325 4505 bossorilievo
1344 4449 1358 4502 ὸ
1376 4449 1419 4518 piri
1438 4468 1474 4502 or·

339 4541 455 4606 dinario;
475 4539 646 4594 l’invenzione
665 4541 778 4608 peraltro
798 4541 864 4591 delle
878 4541 963 4607 ligure
983 4543 1043 4594 vien
1062 4541 1104 4592 dal
1124 4543 1218 4604 buono,
1242 4555 1312 4591 come
1336 4540 1361 4590 la
1380 4555 1473 4606 compo-
