3202 5246
561 421 780 484 „19-

66 594 200 658 Bacchi
242 597 372 660 indicum
404 599 630 660 illustrandum:
664 575 728 658 Non
764 597 920 662 translatus
954 603 999 658 est
1030 606 1117 676 typus
1140 587 1243 676 aliquis

68 697 220 761 aliunde
243 699 386 780 repetitus
408 702 444 762 ad
460 702 536 764 hanc
554 701 691 762 tabulam.
736 700 821 773 Quod
844 700 870 761 si
891 700 1001 762 factum
1024 709 1114 770 esset,
1137 700 1244 762 merito

70 801 292 876 miraremur,
326 803 398 866 nihil
430 805 475 866 vel
508 823 601 884 paene
636 803 709 866 nihil
740 821 808 864 cum
832 803 893 864 aliis
916 805 1119 869 monumentis
1142 811 1245 866 nostro

71 922 264 968 commune
290 925 362 968 esse.
420 906 493 968 Nam
517 909 594 988 quod
619 907 748 970 Bacchus
771 908 908 970 dextrum
929 908 1016 987 ponit
1039 907 1191 970 brachium
1213 907 1244 968 in
1308 953 1313 960 .

71 1009 194 1088 Satyri
212 1009 336 1081 cervice,
360 1010 447 1072 simili
469 1012 557 1072 modo
580 1019 669 1091 atque
696 1013 727 1072 iu
751 1010 908 1072 notissimo
931 1012 1026 1072 musei
1049 1011 1245 1074 Berolinensis

75 1113 526 1190 monumentoyuriederiobs,
549 1115 706 1178 Bausteine
729 1112 812 1191 6241,
834 1114 864 1176 id
888 1114 959 1176 mihi
982 1133 1042 1177 nou
1065 1114 1154 1176 nimis
1177 1131 1242 1193 pre-

77 1215 246 1276 mendum
270 1215 392 1286 videtur,
419 1218 590 1296 praesertim
621 1237 687 1280 curu
718 1217 881 1280 similitudo
908 1236 968 1280 nou
990 1225 1070 1282 tanta
1093 1219 1131 1280 sit
1153 1217 1246 1297 (certe

76 1317 113 1378 in
132 1319 335 1398 sarcophagis
358 1319 389 1380 in
411 1319 518 1400 quihus
534 1321 646 1384 thiasus
663 1321 764 1382 Bacchi
783 1329 827 1382 est
843 1339 1001 1400 expressus
1024 1323 1106 1384 deus·
1120 1319 1247 1384 occurrit
1356 1382 1361 1393 ,

78 1438 161 1480 cum
198 1421 310 1500 Satyris
343 1422 382 1483 ita
416 1424 613 1504 compositus,
647 1431 681 1486 ut
705 1423 797 1485 multo
822 1423 910 1502 inagis
943 1425 1031 1486 huius
1059 1425 1246 1488 monumenti

79 1523 229 1584 imitatio
241 1525 399 1605 appareat).
424 1525 525 1606 Neque
548 1529 625 1589 ullae
648 1537 821 1606 comparent
851 1526 962 1606 typicae
984 1527 1070 1588 thiasi
1092 1544 1245 1608 personae,
1332 1567 1342 1578 ,

80 1644 229 1704 quarum
253 1627 283 1686 in
307 1629 411 1689 ceteris
434 1630 620 1709 sarcophagis
643 1629 787 1692 bacchicis
812 1647 914 1707 magna
944 1637 989 1690 est
1011 1630 1102 1710 copia,
1127 1641 1245 1710 excepta

84 1730 217 1792 Raccba
238 1731 286 1792 illa
309 1725 385 1811 qua‘e
407 1739 579 1812 tympanum
605 1733 702 1812 pulsat
724 1733 756 1794 iu
779 1731 865 1810 4b1).
912 1733 970 1794 Sed
998 1734 1125 1813 primum
1148 1733 1246 1794 incer-

83 1839 160 1918 tum
191 1843 238 1894 est
259 1841 368 1914 quanta
396 1835 441 1896 vel
470 1837 610 1914 quantula
637 1836 667 1896 in
696 1835 871 1898 recensione
899 1845 999 1898 nostra
1027 1838 1157 1900 iacienda
1192 1839 1247 1898 lide

86 1936 227 2014 dignum
242 1937 280 1998 sit
295 1937 364 1998 illud
381 1939 590 2018 fragmentum,
606 1948 668 2000 tum
683 1939 769 2000 babet
784 1959 853 2001 sane
869 1941 939 2001 hacc
954 1941 1065 2002 Baccha
1080 1941 1246 2022 peculiaria,

88 2039 214 2118 quibus
244 2040 280 2100 ab
310 2041 356 2102 illa
372 2029 454 2103 'serie
475 2062 563 2122 quam
594 2043 671 2106 intra
700 2042 773 2120 siglo
804 2041 841 2102 ‘h'
872 2044 1042 2124 complexus
1072 2062 1155 2114 sum,
1187 2045 1246 2106 dis-

88 2141 303 2220 iungitur.-

189 2245 247 2306 Sed
280 2245 376 2308 missis
402 2247 472 2320 Hbs,
508 2255 541 2308 ut
573 2247 660 2310 altius
693 2249 724 2308 in
759 2239 906 2328 archetypi
936 2248 1065 2308 indolem
1096 2248 1245 2329 inquirere

92 2347 295 2428 animumque
329 2351 479 2412 advertere
513 2352 598 2412 liceat
631 2351 665 2411 ad
704 2351 859 2430 peculiaria
899 2350 1007 2431 quibus
1049 2371 1123 2430 opus
1159 2371 1245 2414 suum

94 2451 292 2512 adornaverit
326 2453 471 2533 sculptor,
506 2454 669 2516 accuratius
705 2455 888 2531 singulorum
925 2455 1043 2516 testium
1088 2457 1245 2517 auctoritas
1339 2446 1342 2452 ’

96 2555 332 2634 perpensitanda
362 2565 421 2618 est:

189 2657 280 2718 Musei
308 2659 555 2723 Pio-Clementini
570 2659 766 2739 anaglyphum
783 2662 840 2735 (nr.
856 2661 888 2739 3)
917 2677 1057 2740 apparere
1087 2679 1103 2720 e
1126 2659 1248 2720 diversis

97 2761 279 2839 exemplaris
309 2763 440 2841 partibus
470 2764 516 2823 vel
545 2761 832 2824 scaenisconllatum
864 2783 939 2834 esse,
963 2761 1147 2843 supradixi,
1179 2763 1247 2824 nul-

99 2861 160 2924 lam
200 2863 288 2943 igitur
322 2866 526 2926 auctoritatem
563 2865 589 2926 ei
626 2864 742 2940 tribuo;
779 2865 816 2926 de
845 2865 888 2926 db
924 2865 1001 2944 quod
1039 2866 1186 2946 singulare
1202 2875 1247 2928 est

99 2964 160 3027 iam
195 2967 336 3040 vidimus,
368 2969 506 3030 maximas
543 2976 643 3030 autem
680 2967 865 3030 difficultates
897 2967 985 3029 habet
1014 2969 1070 3038 la,
1100 2969 1179 3049 quod
1222 2969 1246 3030 si

101 3081 228 3150 propter
259 3090 406 3132 summam
429 3071 693 3151 pulchritudinem,
723 3090 779 3152 qua
803 3071 941 3134 excellere
973 3090 1008 3132 ex
1036 3073 1201 3134 imitatione
1231 3092 1246 3132 a

102 3171 199 3252 Zudga
229 3172 339 3253 publici
360 3174 432 3235 iuris
448 3173 525 3235 facta
541 3174 679 3237 concludi
693 3175 788 3250 dehet,
817 3185 897 3236 recle
926 3175 1091 3236 iudicamus
1113 3177 1247 3255 proxime

103 3278 138 3336 ad
172 3277 320 3357 exemplar
348 3279 499 3352 accedere,
534 3279 616 3359 qnasi
646 3277 682 3340 ab
712 3279 920 3362 interpolatore
957 3279 1102 3358 proiectas
1134 3279 1247 3347 ridetur

104 3378 245 3440 damnare
275 3399 322 3441 eas
338 3379 453 3460 figuras,
484 3381 589 3460 quihus
605 3381 780 3462 locupletius
796 3383 835 3444 sit
850 3399 895 3443 nr.
914 3383 940 3442 1.
986 3382 1065 3443 luter
1081 3383 1133 3444 has
1149 3390 1246 3443 autem

105 3492 150 3544 est
179 3484 284 3556 Amor,
319 3479 407 3563 quem
445 3491 477 3544 ut
505 3483 709 3562 interpolatori
740 3487 866 3548 tribuam
904 3503 965 3546 non
994 3485 1078 3546 facile
1107 3485 1248 3558 adducor,

104 3586 279 3664 praesertim
310 3585 378 3647 cum
409 3585 502 3646 Ovidii
526 3585 611 3646 verba
642 3605 717 3666 quae
748 3591 885 3670 leguntur
918 3589 995 3649 Fast.
1019 3587 1057 3648 ΙΙΙ
1078 3587 1140 3648 467
1160 3587 1248 3649 ‘inter

106 3689 234 3769 captivas
265 3689 337 3750 facie
367 3695 536 3769 praestante
566 3689 678 3767 puellas
715 3697 796 3769 grata
824 3689 912 3752 nimis
942 3689 1055 3752 Baccho
1085 3689 1141 3751 filia
1171 3691 1246 3772 regis

107 3791 177 3853 erat'
208 3791 317 3872 optimc
348 3793 457 3853 femina
486 3792 533 3852 illa
563 3794 674 3872 captiva
704 3793 751 3854 cui
786 3794 875 3854 Amor
900 3794 939 3854 sit
967 3793 1083 3855 additus
1110 3772 1248 3856 illustrari

108 3895 233 3974 possint.
263 3893 361 3956 Talem
391 3895 480 3974 igitur
508 3895 646 3966 tabulam,
663 3895 794 3976 'qualem
818 3895 936 3958 ovidius
967 3907 1075 3970 narrat,
1107 3899 1247 3977 etsculp-

108 3998 162 4059 lori
193 4003 224 4060 el
253 4006 357 4077 poetae
387 3998 572 4078 desumptam
602 3999 680 4060 illam
712 4019 746 4062 ex
778 4000 971 4063 Alexandrino
1009 3995 1135 4080 quodam
1180 4019 1247 4061 oar-

114 4137 216 4202 ginibus
235 4153 312 4204 supra
331 4136 487 4187 enumeratis
507 4151 654 4202 expressam
673 4153 738 4200 esse,
756 4139 871 4204 quonian
891 4146 917 4188 et
934 4153 980 4204 por
997 4145 1105 4203 reputet
1117 4146 1143 4187 et
1154 4136 1247 4188 lactum

110 4229 157 4288 est,
175 4231 205 4274 nt
223 4231 333 4290 pateret,
350 4222 381 4274 ab
400 4223 558 4288 editoribus,
576 4221 617 4290 qui
636 4229 769 4288 praetcrea
796 4225 826 4274 do
852 4223 996 4290 elephantis
1024 4226 1054 4275 dc
1081 4225 1190 4290 captivis
1217 4223 1248 4274 de

112 4307 229 4361 ludorum
246 4310 326 4374 longa
342 4321 411 4360 coma
430 4311 460 4360 de
478 4308 539 4360 aliis
556 4307 632 4359 rebus
652 4309 717 4360 scitu
735 4309 819 4373 dignis
837 4309 915 4360 verba
933 4308 1058 4362 lecerunt.

175 4395 417 4462 ¹)Satyrusvotus
436 4401 611 4446 cunctatore
636 4411 685 4446 non
710 4397 842 4449 dissimilis
867 4404 908 4448 cst
931 4397 956 4448 ei
978 4398 1019 4463 qui
1036 4395 1198 4463 conspicitur
1220 4397 1246 4448 iu

36 4527 37 4534 ,
109 4483 205 4534 vasculi
217 4481 353 4533 mmmorei
365 4482 516 4545 fragmento,
534 4482 600 4547 quod
611 4491 762 4536 asservatur
774 4485 800 4536 iu
813 4501 899 4536 museo
911 4483 1055 4535 Britannico
1072 4483 1246 4545 (Friederichs

111 4569 243 4621 Baustcine
262 4569 331 4632 641).

1053 4652 1085 4708 23
