3202 5246
792 355 1011 418 ..40-

333 533 365 596 8.
392 535 426 608 1;
450 534 555 615 Eion).
601 533 734 613 [lenique
767 551 827 594 non
859 534 983 594 multum
1017 533 1130 594 diversa
1160 539 1205 593 est
1231 551 1263 593 ca
1293 551 1365 613 qnae
1397 542 1493 596 extat

330 637 405 699 blus.
431 637 511 698 P-cl.
535 637 654 710 111111,
683 639 768 699 cuius
796 637 826 697 in
859 635 993 698 manibus
1016 636 1090 696 nibil
1112 644 1165 696 est.
1209 635 1292 698 ldae
1313 643 1490 716 praeterea.

332 741 358 802 si
379 741 484 821 placet,
508 740 651 802 Baccbam
674 739 802 820 quaein
825 747 894 820 typo
917 740 941 800 ll
964 739 986 801 B
1009 746 1167 819 comparet.

417 843 456 906 llt
479 843 583 915 dicam,
606 843 677 922 quid
701 843 836 914 seutiam,
860 851 931 922 puto
953 850 1081 905 statuam
1105 841 1249 914 extitisse,
1272 841 1366 922 qualis
1382 847 1431 904 est
1451 843 1489 903 in

332 946 397 1006 villa
420 946 533 1018 Albani,
555 945 685 1009 Bacchae
708 947 842 1008 saltantis
866 947 965 1008 dextra
988 947 1117 1008 demissa
1139 945 1217 1026 pallii
1239 945 1373 1007 laciniam
1398 946 1489 1007 laeva

334 1048 447 1110 sublata
470 1058 644 1130 tympanum
667 1052 808 1126 tenentis,
831 1070 906 1131 quae
929 1051 974 1112 bis
997 1049 1134 1112 omnibus
1156 1048 1370 1111 imitationibus
1394 1050 1489 1128 qnasi

332 1153 482 1234 exemplar
503 1153 599 1216 subsit
621 1158 703 1229 (nam
726 1173 781 1234 pro
804 1155 883 1235 pallii
905 1155 1008 1216 lacinia
1032 1155 1128 1216 lorum
1143 1170 1234 1214 mann
1256 1153 1391 1214 inserere
1414 1170 1488 1214 non

332 1257 444 1336 mande
466 1258 542 1336 erat)
566 1257 622 1318 nisi
646 1259 722 1320 lorte
745 1259 819 1320 duas
842 1259 954 1319 similes
976 1266 1107 1321 statuere
1123 1256 1215 1318 mavis
1239 1257 1340 1336 quales
1357 1258 1488 1336 anagly-
1577 1251 1578 1256 ’

332 1361 423 1440 pbum
447 1377 536 1440 snpra
559 1370 823 1424 commemoratum
847 1361 972 1422 exbibet.

418 1463 570 1526 Difficilior
591 1463 678 1527 etiam
702 1483 751 1526 res
767 1472 812 1526 est
834 1465 865 1526 in
888 1453 918 1542 ὲ,
940 1482 1017 1544 quae
1038 1463 1163 1525 sortasse
1185 1462 1275 1524 fuerit
1295 1469 1394 1524 statua
1417 1481 1486 1524 non

333 1565 484 1628 dissimilis
507 1566 635 1628 Bacchae
657 1569 776 1630 saltanti
801 1568 896 1630 musei
920 1567 1116 1629 berolinensis
1138 1570 1196 1642 (nr.
1220 1566 1281 1626 755
1305 1565 1357 1646 Α),
1388 1586 1484 1646 mam

332 1669 367 1742 is,
390 1669 440 1749 qui
464 1687 579 1730 mecum
603 1689 751 1732 summam
775 1671 806 1732 in
822 1670 1021 1750 exprimendis
1036 1669 1234 1732 celeberrimis
1258 1669 1364 1730 statuis
1387 1669 1484 1731 liber-

333 1781 422 1835 tatem
456 1773 635 1835 concesserit
669 1775 797 1854 antiquis
830 1774 1007 1847 artificibus,
1041 1773 1093 1854 qni
1124 1791 1219 1854 paene
1253 1789 1408 1853 nunqnam
1442 1775 1482 1835 ad

333 1875 474 1938 amussim
496 1885 666 1958 repeterent
682 1877 749 1939 talia
762 1879 949 1958 exemplaria,
965 1875 1137 1957 saepissime
1150 1883 1247 1938 autem
1263 1877 1482 1950 demerentur,
1579 1859 1580 1904 l

333 1989 525 2060 recognoscet
548 1980 636 2041 modo
659 1981 694 2042 ab
717 1981 772 2042 bae
788 1982 876 2042 modo
900 1981 937 2042 ab
959 1981 1006 2042 illa
1023 1988 1110 2062 parte
1123 1979 1225 2048 visam,
1248 1980 1338 2042 modo
1361 1980 1482 2042 bracbi-

334 2102 418 2145 orum
443 2084 532 2144 modo
555 2085 664 2164 pedum
687 2084 849 2164 paullulum
878 2083 1071 2163 immutato1)
1101 2091 1185 2145 motu
1213 2085 1258 2145 vel
1288 2085 1481 2164 symmetriae

337 2206 493 2268 expresso,
522 2187 552 2250 in
574 2187 621 2249 bis
647 2187 758 2267 figuris,
789 2206 865 2268 quae
898 2189 927 2248 in
962 2188 1176 2268 perlustrandis
1200 2189 1371 2270 anaglyphis
1408 2189 1481 2250 mibi

335 2301 530 2359 occurrerunt
553 2309 685 2372 quasque
706 2290 754 2363 ita,
777 2299 812 2350 nt
834 2310 901 2352 cnm
925 2291 980 2352 illis
1004 2309 1079 2370 quae
1094 2290 1222 2352 maxime
1245 2292 1323 2352 inter
1345 2312 1378 2354 se
1404 2311 1478 2354 con·

332 2397 467 2457 sentiunt
490 2397 596 2468 ordiar,
620 2394 668 2456 bic
690 2411 848 2456 enumero:

419 2498 551 2560 Primum
568 2497 675 2569 locum,
699 2505 732 2558 ut
747 2515 800 2576 par
816 2503 871 2570 est,
894 2503 993 2557 teneat
1009 2495 1118 2558 Baccha
1134 2497 1257 2577 quaein
1273 2516 1318 2560 nr.
1338 2497 1378 2558 14
1394 2517 1475 2560 com·
1581 2489 1582 2520 ³

333 2610 437 2684 peret,
469 2619 545 2683 qnae
573 2608 603 2662 et
630 2600 738 2662 vestitu
766 2609 795 2662 et
817 2599 1004 2662 brachiorum
1035 2609 1118 2662 motu
1144 2600 1276 2680 proxime
1305 2602 1420 2662 accedit
1440 2603 1474 2663 ad

333 2717 462 2770 statuam
485 2704 719 2767 Berolinensem.
764 2703 830 2764 Non
859 2703 988 2765 multum
1017 2705 1114 2766 differt
1142 2723 1174 2767 ea
1198 2724 1273 2786 qnae
1295 2705 1475 2785 conspicitur

334 2811 405 2874 Cob.
430 2810 484 2871 55:
524 2809 552 2869 Μ
583 2807 683 2888 143²).
743 2807 895 2870 Liberiora
925 2807 1027 2887 capitis
1056 2808 1130 2870 llexu
1161 2818 1191 2869 et
1216 2806 1345 2870 bracbiis
1380 2809 1474 2890 paullo

335 2915 401 2994 plus
425 2913 610 2975 dextrorsum
634 2912 757 2974 sublatis
780 2911 907 2974 occurrit
922 2911 991 2972 Cob.
1019 2908 1092 2970 119:
1126 2910 1154 2972 lll
1180 2911 1249 2972 142.
1287 2911 1378 2983 ldae,
1402 2930 1473 2990 quae

299 3044 301 3050 ·
335 3025 396 3078 tota
412 3016 532 3079 adversa
550 3033 689 3096 expressa
711 3023 765 3088 ost,
786 3016 928 3078 [iacebam
950 3035 966 3076 e
987 3014 1079 3077 blusei
1096 3015 1178 3077 P-Cl.
1197 3017 1221 3077 ll
1242 3015 1341 3078 tabula
1359 3014 1428 3076 nn.
1444 3015 1471 3075 5.

335 3119 480 3200 (Bacchus
502 3130 532 3182 et
555 3119 703 3194 Ariadna).
757 3120 890 3200 [lenique
912 3117 1038 3181 similem
1055 3117 1151 3197 reperi
1175 3117 1206 3178 in
1230 3119 1471 3199 sarcophagorum

334 3231 475 3303 apparatu
499 3223 676 3302 descriptam
700 3242 715 3284 e
737 3223 884 3285 Francisci
908 3218 1045 3302 Spinolae
1076 3221 1256 3301 sarcophago
1283 3222 1332 3301 qui
1356 3221 1471 3282 Genuae

335 3335 415 3387 extat
447 3325 521 3406 (Pal.
544 3325 590 3388 del
611 3325 783 3407 Municipio)
805 3336 834 3388 et
855 3326 983 3388 fortasse
1009 3324 1142 3386 Gerbard
1166 3325 1198 3385 ll.
1216 3324 1249 3385 Β.
1268 3325 1337 3385 110.
1355 3325 1384 3399 2,
1417 3325 1468 3386 nisi

334 3433 412 3492 forte
435 3429 543 3492 crotala
566 3437 656 3490 tenet.
1252 3409 1260 3428 ³
1340 3419 1343 3426 ’

422 3531 547 3613 Obliqua
582 3533 683 3594 eadem
717 3550 854 3617 expressa
884 3531 989 3594 estin
1017 3539 1086 3613 typo
1108 3530 1203 3611 lllll)
1230 3531 1309 3594 iuxta
1331 3533 1467 3624 'Bacchum

405 3726 425 3792 ¹)
443 3724 514 3776 luter
536 3723 597 3776 talis
621 3723 806 3774 immutationis
824 3724 947 3790 exempla,
973 3735 1036 3790 qnae
1065 3724 1142 3774 ctiam
1169 3723 1282 3790 picturae
1311 3722 1468 3789 Pompeianae

335 3813 480 3878 praebeant,
508 3812 616 3862 maxime
634 3811 682 3860 bue
701 3809 764 3861 lacit
782 3809 894 3860 Ariadna
921 3810 1030 3860 demisso
1059 3811 1162 3860 braobio
1192 3811 1266 3862 laevo
1294 3825 1357 3876 quoe
1376 3817 1468 3860 catero-

335 3899 395 3966 qnin
421 3915 477 3949 enm
504 3905 589 3949 statua
618 3897 741 3948 Vaticana
767 3897 888 3948 convenit
915 3894 1083 3961 (ll-Rocbetto
1114 3895 1196 3946 Cboix
1217 3896 1248 3946 ds
1273 3913 1295 3962 p.
1315 3904 1364 3948 ete.
1387 3897 1418 3964 pl.
1437 3899 1468 3962 3).

337 3983 431 4036 Confer
456 3983 594 4036 Ariadnam
627 3983 691 4050 apud
718 3982 828 4049 Zob'gam
855 3983 924 4034 Bass.
943 3981 1049 4034 LXXll.
1101 3982 1172 4034 Adde
1199 3980 1329 4050 Nymphae
1365 3990 1469 4036 statuam

336 4073 401 4126 blus.
419 4071 559 4123 Pio-Clam.
576 4068 616 4121 lll.
635 4077 687 4121 tav.
708 4070 733 4121 C.
752 4069 796 4120 lV.
819 4078 845 4122 et
868 4071 1005 4122 Ariadnam
1029 4085 1091 4136 quae
1119 4076 1248 4134 comparet
1270 4069 1296 4118 in
1321 4071 1469 4136 sarcophago

337 4160 414 4210 breb.
433 4155 502 4210 Zeit.
523 4156 588 4208 1884
606 4173 629 4222 p.
649 4157 707 4208 213.
743 4157 821 4212 Vides
848 4172 887 4208 nto
915 4157 939 4208 in
961 4159 1008 4208 bae
1025 4172 1054 4207 re
1072 4156 1212 4206 dissentire
1231 4171 1245 4205 a
1265 4156 1469 4220 Furtwaenglero

338 4244 381 4312 qui
398 4245 481 4296 modio
500 4243 583 4310 primo
602 4260 625 4310 p.
644 4242 670 4296 C.
689 4245 792 4296 saeculo
811 4252 922 4296 statuam
940 4245 1087 4298 Vaticanam
1106 4243 1233 4296 attribuit.
1268 4243 1310 4302 (Α.
1330 4243 1358 4298 d.¹
1372 4242 1390 4295 l.
1411 4244 1470 4296 1878

337 4347 361 4398 r·
379 4331 420 4382 ⁹⁷·
435 4331 499 4396 s‹nr-l

406 4418 427 4485 ²)
446 4417 567 4487 Cymbala
586 4433 651 4466 nuno
670 4417 768 4468 dosunt.

408 4505 428 4571 ⁸)
448 4502 474 4556 ln
493 4519 539 4572 quo
558 4509 621 4571 typo
639 4503 689 4554 alia
709 4517 805 4570 quoque
824 4518 887 4570 quae
906 4509 1040 4570 praetereo
1060 4509 1132 4553 extat
1157 4504 1250 4554 Baccha
1273 4503 1380 4566 saltans,
1403 4519 1469 4569 quarn
