3202 5246
397 976 453 1040 De
477 975 727 1060 sarcophagis
750 977 798 1044 ad
820 976 991 1044 Indicam
1013 977 1158 1044 Baccht
1181 977 1489 1060 expeditionem

777 1091 1069 1176 pertinentibus.

444 1324 503 1384 lam
531 1323 566 1385 ad
593 1324 656 1404 ipsa
687 1332 881 1386 monumenta
905 1343 952 1386 me
974 1332 1123 1398 converto,
1156 1343 1232 1405 quae
1256 1327 1355 1388 omnia
1380 1334 1523 1405 excepta

359 1445 415 1488 una
450 1427 563 1506 pictura
596 1427 783 1508 Pompeiana,
819 1427 855 1489 de
886 1447 942 1508 qua
977 1427 1055 1488 infra
1092 1427 1197 1508 loquar
1231 1437 1302 1490 suut
1338 1429 1523 1510 anaglypha

358 1531 508 1592 Romanae
545 1531 653 1592 aetatis.
716 1531 830 1594 l'asculi
864 1531 944 1594 enim
983 1530 1126 1610 picturam
1161 1551 1248 1610 quam
1283 1531 1449 1613 Kceppius
1489 1532 1523 1592 in

358 1633 564 1696 dissertatione
601 1633 649 1695 cui
686 1633 857 1696 inscribitur
899 1635 953 1705 ,lle
1008 1634 1260 1713 gigantomachiae
1301 1635 1332 1696 in
1376 1654 1520 1715 poeseos

357 1738 488 1818 artisque
509 1739 715 1802 monumentis
738 1745 803 1800 usu‘
828 1757 855 1818 p.
879 1739 919 1798 44
942 1745 1027 1818 putat
1048 1738 1084 1798 ad
1101 1737 1230 1798 indicam
1247 1736 1345 1800 Liberi
1369 1757 1519 1818 pugnam

357 1841 505 1920 pertinere
528 1877 569 1884 -
591 1841 757 1920 fragmenta
781 1851 852 1905 sunt
866 1841 986 1905 crateris
1016 1838 1108 1902 uubis
1130 1841 1240 1920 reperti
1265 1841 1336 1903 editi
1358 1841 1408 1902 Md
1430 1844 1445 1904 l
1464 1842 1517 1904 tx.

359 1953 378 2005 t.
403 1943 432 2017 6,
466 1963 542 2025 quae
576 1945 795 2007 accuratissime
829 1945 984 2026 descripsit
1006 1944 1109 2024 llcepp
1132 1944 1150 2004 l,
1173 1945 1192 2004 l.
1219 1978 1261 1988 -
1290 1945 1354 2024 ipse
1388 1945 1517 2008 fatetur

358 2049 539 2126 argumentis
562 2049 733 2110 certissimis
755 2047 866 2110 bellum
890 2045 1025 2107 iudicum
1051 2055 1274 2126 repraesentare
1296 2047 1515 2112 demonstrari

282 2201 285 2216 .
358 2170 418 2212 ucn
440 2170 536 2230 posse.
585 2151 644 2214 Sed
667 2171 705 2214 ne
729 2150 884 2213 verisimile
907 2150 1026 2229 quidem
1050 2158 1109 2222 est,
1142 2150 1200 2212 iam
1224 2151 1280 2213 illis
1302 2153 1513 2232 temporibus,

357 2254 469 2316 scilicet
490 2255 587 2336 paullo
607 2265 676 2336 poet
690 2241 889 2318 Alexandrum
904 2251 1050 2332 Magnum,
1074 2272 1209 2316 vasorum
1225 2253 1390 2334 pictoribus
1409 2256 1511 2318 usita-

358 2368 417 2420 tam
440 2359 532 2420 fuisse
553 2358 680 2420 fabulam
703 2357 851 2431 indicam,
886 2365 965 2418 certe
999 2375 1060 2417 non
1089 2356 1230 2418 debemus
1263 2376 1328 2418 eam
1350 2359 1418 2420 sine
1445 2359 1510 2420 ullc

358 2463 469 2524 diserto
484 2461 592 2523 indicio
616 2461 646 2522 in
669 2462 731 2523 eius
748 2461 850 2522 aetatis
867 2460 1068 2522 monumentis
1091 2477 1255 2540 agnoscere.
1299 2461 1376 2522 Huic
1398 2471 1507 2524 autem

357 2567 488 2647 picturae
512 2564 720 2627 nihilomnino
742 2565 828 2637 inest,
845 2565 925 2644 quod
947 2564 983 2625 ad
1000 2563 1107 2625 bellum
1123 2563 1256 2624 indicum
1280 2573 1402 2644 spectet,
1428 2584 1504 2628 cum

357 2653 462 2731 Bacchi
485 2669 600 2732 comitis
622 2669 832 2742 adversarium,
861 2667 943 2730 cuius
966 2677 1084 2748 praeter
1107 2685 1175 2728 crus
1197 2667 1309 2727 laevum
1335 2667 1408 2728 nihil
1432 2689 1504 2731 ser-

359 2783 458 2835 vatum
476 2781 530 2845 est,
554 2781 653 2854 pateat
667 2772 758 2834 fuisse
774 2771 924 2834 bominem
942 2773 1068 2832 nudum.
1098 2770 1250 2832 Contendo
1266 2769 1363 2850 igitur,
1379 2767 1505 2834 etiamsi

359 2876 437 2938 nulla
450 2895 516 2938 cum
534 2875 739 2957 probabilitate
751 2876 798 2937 alii
813 2875 916 2937 bacchi
939 2891 1054 2955 pugnae
1066 2874 1122 2934 hcc
1134 2873 1332 2952 fragmentum
1350 2875 1503 2937 vindicare

358 2999 521 3060 possemus,
544 2980 667 3042 minime
689 2997 744 3041 nos
761 2979 867 3040 debere
891 2977 1017 3040 debello
1034 2976 1135 3038 lndicc
1158 2976 1296 3055 cogitare.
1327 2978 1384 3038 Sed
1407 2997 1501 3058 argu-

357 3077 462 3145 menta*
479 3083 587 3164 quihus
609 3084 654 3146 usi
679 3083 731 3145 viri
753 3083 833 3144 docti
855 3089 1015 3144 vetuerunt
1030 3079 1292 3160 gigantomachiam
1316 3083 1434 3161 agnosci
1455 3116 1499 3127 -

357 3188 387 3248 id
410 3188 488 3267 quod
511 3195 591 3248 recte
612 3187 670 3249 iam
694 3187 763 3249 lecit
785 3185 976 3266 Heydemann
999 3185 1106 3261 (Vaseu
1129 3182 1255 3245 dilus.
1279 3183 1348 3245 Naz.
1370 3205 1399 3266 p.
1423 3185 1499 3247 425.

356 3307 401 3351 nr.
426 3289 522 3369 2883)
544 3325 585 3334 -
607 3290 647 3351 ita
671 3289 742 3352 mihi
757 3289 895 3350 videntur
909 3283 1076 3368 comparata
1099 3306 1174 3360 esso,
1197 3294 1231 3348 ut
1253 3287 1325 3348 nihil
1347 3287 1388 3348 eis
1411 3289 1499 3349 evin-

358 3401 451 3470 catur,
474 3393 566 3454 immo
589 3412 656 3454 mec
678 3393 743 3455 iure
757 3391 1008 3472 gigantomachiae
1030 3399 1143 3472 partem
1168 3390 1221 3451 hac
1235 3391 1347 3471 pictura
1370 3393 1497 3472 exprimi

355 3505 438 3576 puto.
465 3495 599 3558 Primum
622 3497 712 3568 enim,
735 3515 822 3577 quam
836 3495 1045 3576 benequadret
1060 3496 1095 3571 ad
1109 3514 1173 3557 eam
1198 3495 1274 3567 vitis,
1297 3513 1353 3576 qua
1377 3515 1393 3556 e
1417 3503 1495 3557 terra

356 3607 507 3680 procreata
523 3600 705 3662 adversarius
718 3599 874 3679 labatur1),
889 3600 989 3662 exiliis
1003 3601 1095 3662 disces
1106 3600 1177 3662 locis
1190 3598 1334 3680 quosipse
1346 3599 1496 3680 llceppius

357 3703 471 3778 attulit3
482 3703 677 3784 acceditquod
689 3703 720 3765 in
727 3703 815 3766 altera
832 3703 939 3765 vasculi
950 3711 1043 3784 parte,
1058 3703 1159 3784 inqua
1175 3703 1405 3784 gigantomachia
1418 3703 1494 3783 picta

357 3816 410 3879 est,
434 3807 518 3868 deest
541 3807 681 3870 bacchus.
704 3806 789 3880 Quod
812 3816 910 3868 autem
929 3806 1086 3884 tahnius²)
1115 3808 1186 3870 dicit
1208 3807 1372 3887 antiquitus
1388 3806 1494 3867 Brccbi

357 3911 481 3972 thiasum
490 3911 687 3973 nonintrasse
698 3910 1007 3989 ingigantomachiam,
1017 3911 1084 3971 huic
1094 3930 1148 3991 ego
1162 3930 1221 3972 nou
1234 3919 1305 3991 puto
1314 3911 1429 3970 obstare
1438 3909 1494 3971 hoc

356 4014 802 4095 vasculum,quippeposteriore
812 4015 932 4076 demum
942 4021 1035 4075 aetate
1044 4014 1213 4102 conlectum
1222 4014 1256 4092 ³).
1270 4014 1304 4075 Et
1313 4013 1492 4074 bccnecesse

431 4171 452 4238 ¹)
469 4170 520 4222 lies
538 4171 575 4222 ita
594 4169 663 4238 picta
681 4177 728 4236 est,
746 4177 775 4221 ut
792 4170 856 4222 vitis
874 4176 995 4235 appareat
1012 4170 1087 4236 pedes
1109 4171 1216 4222 bominis
1240 4170 1376 4233 offendere,
1398 4184 1447 4219 non
1466 4177 1493 4219 ut

355 4257 469 4324 implicet
487 4272 537 4310 ecs.

423 4344 446 4406 ²)
463 4343 493 4393 tt.
512 4345 535 4395 d.
554 4343 571 4394 l.
593 4345 665 4396 1869.
687 4343 742 4395 190.

422 4429 444 4496 ⁸)
462 4430 569 4481 Accedit
586 4432 651 4496 quod
669 4430 770 4481 Silenus
790 4430 1006 4492 gigantomachiae
1025 4431 1155 4498 particeps
1185 4437 1224 4481 cst
1243 4429 1269 4480 ic
1287 4428 1421 4493 Euripidis
1441 4429 1488 4497 Cy-

356 4517 428 4584 clope
447 4535 471 4570 v.
491 4519 506 4567 5
524 4533 561 4583 sq.
580 4517 643 4583 quod
664 4523 747 4568 monet
766 4515 898 4567 liebertus.
