3202 5246
795 415 1015 482 ..30-

416 596 438 655 l
463 594 560 655 Panos
593 595 693 656 dextra
722 603 810 676 caput
837 596 991 676 umerique
1021 595 1244 677 conspiciuntur
1278 598 1332 658 viri
1363 596 1488 660 barbati

332 697 433 778 thyrso
455 697 593 778 insignis,
625 717 713 779 quern
747 699 883 762 Silenum
912 718 978 762 esse
1007 707 1094 779 put03
1127 700 1245 781 thyrsus
1278 721 1341 762 non
1366 701 1488 762 videtur

293 795 295 803 '
333 800 474 879 antiquus
498 820 570 864 esso.

418 903 498 965 Eich.
512 914 542 965 et
553 905 623 992 (lob.
636 906 789 968 nonnullis
803 906 892 992 rebus
909 907 988 970 inter
1003 927 1036 968 sc
1052 907 1227 988 discrepant,
1245 925 1376 987 quorum
1395 926 1484 986 prae-

333 1005 416 1086 cipua
439 1025 595 1070 recenseo:

361 1132 365 1140 ·
410 1111 963 1174 Eichssacchumlecitlaevatenentem
973 1113 1181 1196 remaliquam‚
1191 1132 1266 1194 quae
1276 1115 1356 1176 nulla
1365 1114 1487 1176 ratione

333 1215 463 1294 dignosci
490 1214 585 1294 possit
613 1234 762 1296 quamque
791 1215 881 1278 luisse
913 1217 1052 1296 poculum
1083 1235 1117 1278 ex
1143 1217 1272 1295 analogia
1295 1201 1486 1298 praeceden-

334 1319 407 1380 tium
431 1318 633 1398 exemplorum
667 1326 697 1380 et
719 1339 735 1380 e
758 1319 898 1401 panthera
927 1319 997 1380 olim
1025 1321 1241 1393 concluseram,
1273 1338 1374 1400 neque
1398 1321 1488 1382 aliter
1583 1381 1584 1392 ,

335 1424 429 1483 visum
453 1431 498 1484 est
521 1421 642 1484 llatzio:
670 1422 703 1484 ln
726 1421 797 1482 Gob.
821 1423 944 1502 straguli
967 1443 1025 1504 quo
1047 1423 1164 1504 elephas
1188 1432 1283 1485 tectus
1307 1431 1354 1485 est
1376 1443 1486 1502 rugam

333 1527 406 1587 deus
435 1525 536 1605 carpit.
581 1525 654 1586 Rem
682 1525 722 1586 ita
751 1524 879 1588 fortasse
907 1545 939 1587 se
967 1526 1114 1600 hahuisse,
1143 1536 1174 1588 ut
1202 1527 1331 1588 habenas
1363 1535 1487 1588 teneret

336 1629 457 1691 velutin
473 1627 653 1707 sarcophago
669 1646 756 1708 quem
774 1627 873 1692 statim
890 1629 1019 1702 afferam,
1036 1630 1211 1692 coniecerim
1222 1650 1229 1704 ;
1241 1648 1425 1711 quamquam
1444 1651 1484 1692 ne

334 1734 489 1796 minimum
506 1733 623 1814 quidem
637 1733 693 1793 hoc
708 1732 773 1793 loco
790 1732 970 1794 habenarum
984 1733 1138 1811 vestigium
1153 1733 1184 1795 in
1196 1734 1355 1814 elephanto
1367 1735 1482 1814 depre-

334 1836 483 1899 henditur.
1272 1913 1274 1918 Δ

417 1938 570 2000 Eichlerus
593 1957 717 2017 pueros,
751 1939 802 2019 qui
823 1938 954 2019 lagohola
976 1947 1095 2010 tenent,
1119 1941 1282 2021 elephantis
1305 1950 1405 2003 vectos
1428 1961 1481 2004 ca-

334 2043 409 2124 pillis
425 2042 520 2124 pinxit
535 2041 718 2114 cincinnatis
741 2061 810 2104 cum
825 2043 858 2104 in
873 2045 943 2106 Goh.
961 2045 1075 2106 brevem
1094 2043 1220 2104 habeant
1242 2063 1368 2106 comam.
1389 2067 1420 2122 γ,
1445 2055 1483 2106 ut

334 2164 460 2226 semper,
476 2146 563 2208 etiam
579 2145 609 2206 in
625 2145 683 2206 hoc
697 2146 859 2226 anaglypho
876 2149 952 2227 pedo
967 2156 1029 2208 erat
1043 2147 1178 2225 insignis.
1201 2147 1228 2208 id
1246 2148 1326 2228 quod
1341 2148 1483 2209 lirmatur

334 2249 496 2330 ‘punctillo’
520 2249 600 2328 quod
625 2257 737 2310 vocant.
775 2250 953 2313 Punctillum
977 2251 1077 2312 omisit
1101 2250 1171 2312 Coh.

419 2353 504 2428 Quod
531 2353 623 2413 Sileni
647 2372 711 2415 esse
736 2362 808 2433 puto
834 2364 921 2435 caput
947 2355 1001 2416 viri
1028 2354 1192 2426 barbatum,
1220 2353 1293 2415 mihi
1320 2354 1481 2415 auctoritas

334 2456 532 2534 Cohurgensis
548 2455 667 2529 accedit,
688 2456 793 2536 inquo
810 2467 982 2538 coronatum
1000 2466 1053 2518 est.

420 2560 549 2622 Bacchae
564 2556 585 2620 δ
600 2566 726 2620 aetatem
757 2561 826 2621 tulit
854 2560 1005 2622 brachium
1022 2562 1137 2622 laevum
1153 2579 1221 2622 curn
1236 2559 1306 2622 tibia
1323 2559 1431 2621 directa
1448 2568 1479 2618 et

335 2666 460 2728 lacertus
470 2665 581 2725 dexter.
599 2662 669 2724 Coh.
681 2663 768 2724 hahet
778 2664 850 2726 uuas
859 2663 944 2726 tibias
956 2673 1090 2731 curvatas
1100 2673 1130 2726 et
1142 2671 1303 2742 utrumque
1315 2664 1477 2725 brachium.

335 2771 407 2831 Cum
438 2778 537 2831 autem
568 2785 713 2846 nusquam
737 2778 926 2847 compareant
953 2776 1103 2847 praeterea
1126 2769 1156 2828 in
1183 2765 1386 2828 monumentis
1402 2768 1479 2828 duae

335 2871 423 2935 tibiae
452 2878 603 2943 curvatae,
622 2889 696 2950 non
726 2879 824 2950 potest
853 2871 907 2932 hac
936 2871 967 2931 in
984 2883 1030 2931 *re
1060 2869 1188 2931 melioris
1204 2870 1354 2950 anaglyphi
1382 2880 1478 2933 status

335 2977 491 3056 imaginem
522 2973 661 3055 praehere
690 2973 759 3035 Coh.
796 2973 892 3034 lmmo
922 2973 1009 3035 tibiae
1039 2973 1105 3034 illae
1135 2973 1363 3053 interpolatione
1397 2982 1477 3033 ortae

336 3087 422 3150 sunt,
452 3095 541 3158 quarn
576 3085 627 3138 aut
661 3075 693 3136 in
728 3077 889 3157 anaglypho
918 3077 983 3160 ipso
1015 3077 1071 3138 iam
1100 3075 1216 3137 saeculo
1251 3076 1364 3163 decimo
1395 3085 1477 3136 sexto

335 3189 387 3242 aut
415 3183 446 3242 in
477 3180 781 3258 Cohurgensi-teste
807 3179 980 3259 ceteroquin
1003 3179 1326 3241 fidelissimo-lactum
1343 3189 1475 3241 essesta-

336 3285 480 3346 tuendum
512 3293 565 3344 est.

423 3385 517 3466 Satyri
548 3386 600 3467 qui
630 3385 785 3448 llerculem
820 3385 934 3448 ducunt
967 3386 1045 3466 apud
1079 3385 1160 3447 Eich.
1200 3385 1354 3465 superiore
1398 3385 1475 3446 labro
1586 3461 1587 3468 ἵ

336 3489 412 3552 clare
442 3489 557 3552 barbati
586 3497 665 3550 sunt.

421 3593 573 3674 Nymphae
602 3602 689 3673 caput
717 3592 798 3674 quod
826 3591 865 3652 ihi
895 3610 1003 3654 corona
1034 3602 1114 3654 caret
1139 3591 1291 3652 Eichlerus
1321 3591 1475 3651 damnavit.
1586 3621 1587 3634 ι

337 3696 370 3756 ln
385 3695 456 3757 ssoh.
480 3703 568 3775 caput
588 3676 633 3757 est
654 3706 828 3758 coronatum
843 3697 1000 3778 paulloque
1021 3696 1113 3775 magis
1134 3693 1338 3756 sinistrorsum
1354 3713 1476 3756 versum.

423 3799 474 3860 nei
504 3798 708 3870 simulacrum,
745 3807 814 3860 ante
843 3800 922 3880 quod
958 3801 1066 3860 lomina
1103 3817 1219 3860 sacrum
1249 3798 1333 3868 lacit,
1365 3807 1398 3858 nt
1427 3816 1476 3878 pro
1586 3785 1587 3800 ¹

338 3902 451 3964 baccho
481 3900 623 3963 habeatur
652 3919 749 3983 neque
778 3903 810 3964 in
840 3902 921 3965 Eich.
953 3891 1048 3984 neque
1078 3903 1108 3963 in
1128 3901 1198 3963 Coh.
1222 3899 1278 3962 ulla
1308 3909 1355 3962 est
1384 3919 1476 3962 causa.

839 4040 842 4043 Ι
892 4092 938 4154 tv.

298 4252 328 4301 ῃ
428 4228 476 4290 17.
509 4228 596 4289 Villa
626 4227 803 4290 Ludovisi.
847 4230 950 4304 Coh.¹)
982 4233 1039 4293 30:
1066 4229 1169 4292 litas

497 4330 738 4406 Schreiher144‚
767 4332 836 4394 hl-l]
852 4332 944 4395 2296.
989 4335 1051 4395 Pet.
1069 4333 1099 4394 Ι).
1118 4333 1216 4394 Eich.

341 4478 552 4488 ..ᾐ-

409 4558 428 4621 ¹)
446 4556 473 4608 ln
492 4557 551 4607 lolii
572 4573 678 4610 reverso
697 4559 768 4609 locus
788 4558 922 4610 Plinianns
941 4560 975 4625 (n.
995 4562 1020 4612 h.
1039 4559 1101 4612 Vlll.
1121 4560 1163 4620 20)
1183 4560 1313 4623 ascriptus
1331 4563 1378 4608 est.
1420 4597 1422 4601 .
