3202 5246
565 399 786 463 ...47-

188 575 224 636 ln
247 576 347 642 dextra
370 582 452 656 parte
476 575 607 637 Bacchus
631 577 720 638 sedet·
741 575 774 637 in
804 575 874 638 sella
905 575 1111 638 sinistrorsum
1133 592 1245 636 versus.

89 675 162 738 Pan
194 697 262 740 cum
286 678 378 760 clipeo
408 685 466 740 stat
492 678 571 740 iuxta
600 697 677 740 eum.
735 679 807 740 Post
835 680 935 742 sellam
966 678 1024 740 duo
1047 685 1127 740 stant
1149 676 1246 758 Satyri

91 797 229 859 quorum
254 800 346 855 unus,
373 781 527 853 barbatus,
555 782 679 844 fortasse
707 789 752 844 est
780 781 905 844 Silenus.
962 781 1006 843 nd
1028 780 1133 844 Bacchi
1156 779 1246 861 pedes

90 891 271 963 prostratus
302 895 347 946 est
374 903 464 948 manu
486 893 621 968 porrecta
649 885 675 946 ei
708 886 876 968 supplicans
899 905 988 948 senex
1012 884 1167 959 barbatum
1197 902 1245 944 se-

95 989 208 1068 quitur
229 1007 313 1068 puer,
334 997 367 1074 et
389 989 463 1050 alius
486 988 530 1050 vir
551 991 636 1069 longa
660 989 748 1052 barba
773 998 800 1052 et
817 989 980 1052 diademate
993 986 1200 1069 insignisqui
1215 1005 1247 1048 se

93 1100 295 1174 prosternere
319 1093 391 1155 velle
413 1093 537 1168 videtur,
560 1093 590 1155 hi
613 1101 674 1155 tres
696 1094 762 1156 victi
787 1093 898 1156 bracati
921 1101 999 1155 sunt.
1046 1093 1116 1156 Post
1140 1109 1191 1153 eos
1215 1091 1246 1150 in

94 1215 223 1258 recessu
246 1197 426 1278 conspicitur
446 1197 568 1272 femina,
592 1217 680 1279 quam
706 1217 798 1280 aeque
821 1207 909 1278 atque
933 1198 993 1260 'tres
1018 1195 1084 1258 illos
1107 1193 1246 1256 barbaros

97 1319 158 1382 pro
184 1301 424 1380 captirahabuit
446 1301 539 1382 Zotga
561 1301 733 1384 putavitque
757 1301 845 1364 filiam
869 1301 914 1366 rel
936 1319 1058 1363 uxorem
1081 1289 1158 1378 regis
1181 1316 1246 1360 esse

98 1404 243 1480 (Bassiril.
266 1405 302 1466 ll.
325 1423 354 1486 p.
381 1405 463 1481 147).Ι
1018 1467 1021 1470 .

190 1507 246 1568 Sed
269 1507 341 1568 haec
362 1507 472 1568 femina
497 1507 527 1570 in
550 1507 631 1570 Eich.
660 1517 761 1589 aperte
789 1518 834 1572 est
858 1509 967 1571 Baccha
996 1526 1071 1588 quae
1094 1506 1189 1588 eapite
1212 1505 1247 1566 ad
1296 1552 1300 1560 .

99 1611 268 1691 supplicem
293 1609 374 1672 illum
398 1611 504 1672 rolleno
527 1611 636 1675 laevam
660 1613 799 1674 adversus
814 1612 961 1675 Bacchum
984 1611 1089 1687 tendit,
1114 1611 1247 1672 dextram

99 1733 187 1776 nuno
209 1723 375 1777 truncatam
400 1714 446 1804 ita
463 1715 602 1777 deorsum
627 1717 759 1796 porrigit,
785 1725 817 1778 ut
840 1715 1030 1796 deigratiam
1056 1733 1110 1796 pro
1133 1713 1247 1795 captivo

97 1817 153 1878 illo
177 1817 335 1898 implorare
359 1817 497 1880 videatur.
533 1819 722 1899 Sequuntur:
746 1820 821 1881 alius
844 1819 905 1881 Pan
928 1819 1023 1898 Satyri
1046 1837 1112 1880 cum
1137 1817 1247 1899 clipeis.

100 1920 235 1982 Sinistra
259 1921 412 2002 anaglyphi
435 1941 502 2002 pars
527 1923 637 1984 ferculo
660 1923 791 2004 repletur
812 1923 845 1984 in
869 1942 927 2004 quo
950 1923 997 1985 alii
1021 1923 1127 2004 captivi
1141 1921 1248 1984 sedent

100 2024 273 2106 praedaque
296 2025 390 2106 posita
415 2035 468 2100 est,
491 2027 569 2106 quod
592 2027 736 2090 ferculum
761 2027 857 2108 Satyri
880 2027 990 2090 umeris
1013 2033 1141 2108 portant.

660 2167 695 2228 ll.

191 2275 464 2340 rovinacco
507 2279 639 2340 Gerhard
662 2284 694 2340 A.
721 2279 750 2340 Β.
778 2277 846 2340 109.
873 2280 899 2338 1.

190 2379 472 2442 Mueller-Wieseler
494 2381 565 2443 444.
611 2382 710 2444 Eich.

190 2483 242 2545 Est
262 2484 359 2564 imago
383 2505 399 2546 e
422 2486 534 2548 duabus
557 2487 670 2548 scaenis
693 2485 876 2566 ineptissime
900 2485 1110 2565 conglutinata.
1182 2500 1186 2506 ·
1296 2477 1298 2481 ’

192 2592 220 2663 a)
243 2587 349 2650 Dextra
373 2608 440 2669 pars
473 2589 605 2652 continet
633 2607 768 2652 scaenam
796 2589 827 2650 in
856 2589 982 2652 summis
1010 2589 1097 2670 plane
1128 2587 1248 2648 dextrae

99 2692 309 2754 antecedentis
339 2693 510 2772 sarcophagi
540 2692 682 2755 similem:
714 2727 755 2736 —-
788 2692 846 2754 nisi
873 2693 952 2773 quod
983 2711 1057 2772 opus
1086 2698 1131 2754 est
1155 2691 1247 2752 multo

99 2794 230 2856 minoris
259 2795 346 2875 pretii
374 2829 415 2839 -
448 2795 595 2858 Bacchum
618 2796 696 2857 Pana
726 2797 879 2858 hominem
909 2795 1072 2876 supplicem
1103 2794 1246 2858 Baccham

99 2901 244 2979 Satyrum
268 2917 335 2960 cum
359 2899 463 2979 clipeo.

191 2999 233 3061 lle
256 3001 344 3062 altera
368 3010 451 3080 parte
473 3002 550 3064 infra
574 3002 749 3065 ridebimus.

650 3143 697 3204 lll.

191 3251 241 3313 30.
265 3250 404 3314 Eiusdem
421 3272 543 3317 scaenae
565 3255 775 3336 fragmentum,
798 3255 885 3336 quod,
909 3253 934 3315 si
956 3253 1069 3333 Zotgae
1092 3250 1248 3314 imitationi
1259 3265 1292 3316 30

101 3354 179 3416 fides
201 3364 247 3416 est
273 3356 425 3431 habenda,
459 3359 679 3438 pulchritudine
712 3360 790 3422 inter
816 3367 912 3422 cetera
939 3357 1068 3430 excellit,
1105 3355 1249 3417 invilla

103 3457 235 3520 Albani
260 3469 347 3522 extat.
392 3461 484 3541 Zoega
507 3463 540 3524 ll.
563 3463 612 3524 75.

192 3563 333 3625 Continet
360 3565 466 3626 Bacchi
502 3573 591 3646 caput
623 3566 855 3646 pulcherrimum
879 3565 974 3645 longis
1002 3563 1111 3646 capillis
1133 3562 1249 3644 insigne

107 3664 273 3728 diademate
306 3667 381 3730 loliis
420 3669 487 3730 vino
528 3679 665 3733 ornatum
700 3670 835 3732 dextrum
869 3668 1021 3732 brachium
1054 3667 1119 3731 sine
1159 3686 1248 3730 manu

106 3769 222 3832 laevum
245 3789 382 3834 umerum
407 3781 436 3834 et
458 3773 530 3836 nudi
554 3773 687 3855 corporis
710 3781 824 3854 partem
848 3774 1044 3854 superiorem.
1094 3772 1249 3836 Praeterea

107 3873 288 3953 conspicitur
321 3875 418 3938 Panos
453 3886 540 3957 caput
575 3895 695 3939 umerus
728 3857 831 3939 dexter
870 3895 939 3957 pars
973 3876 1101 3958 pectoris
1138 3875 1248 3957 ehpeus

108 3976 238 4056 denique
261 3961 367 4041 manus
389 3989 524 4060 porrecta
546 3981 698 4064 supplicis.
779 4018 782 4024 -

651 4121 697 4182 lV.

195 4227 360 4292 31.vi11a
387 4231 525 4294 Albani.
576 4233 670 4312 Zoega
694 4232 729 4294 ll.
753 4231 803 4293 76.
847 4231 915 4293 Pet:
939 4231 970 4292 L.
998 4231 1094 4293 Eich.
1259 4243 1291 4294 31

161 4363 166 4372 ·
193 4331 255 4394 lloc
271 4333 472 4412 fragmentum
490 4337 619 4417 demptis
634 4336 700 4408 illis,
716 4355 792 4415 quae
809 4335 881 4397 falso
896 4335 1030 4416 suppleta
1043 4353 1108 4396 esse
1120 4353 1154 4396 ex
1166 4333 1248 4396 Eich.

109 4445 237 4518 apparet,
263 4438 417 4500 maximam
441 4439 530 4502 hahet
551 4440 774 4502 similitudinem
806 4457 873 4501 cum
898 4448 1031 4520 pegmate
1054 4439 1133 4520 quod
1157 4446 1203 4500 est
1217 4438 1248 4500 in

108 4541 205 4621 primo
229 4541 391 4624 anaglypho
415 4541 491 4620 (28).
525 4543 622 4626 Satyri
638 4544 717 4606 enim
734 4543 836 4608 tubam
851 4542 982 4608 inflantis
999 4541 1069 4606 nihil
1085 4542 1247 4624 genuinum
