3202 5246
574 450 793 510 ...17-

197 623 358 704 Anaglypbi
374 631 581 702 argumentum
598 624 758 704 figurarum
775 644 790 686 e
813 625 926 687 duabus
947 644 1021 708 quas
1037 626 1095 687 ianr
1119 625 1256 688 novimus

92 729 227 791 scaenis
261 729 483 808 desumptarum
517 727 682 790 imitatione
705 727 840 790 ellectum
865 737 918 790 est.
970 729 1042 790 Nam
1074 729 1203 809 captivus
1227 737 1256 790 et

92 833 225 913 captiva
259 831 330 912 (nisi
364 831 441 910 quod
475 830 565 892 buius
598 830 686 893 facies
720 839 765 892 est
797 831 927 913 obliqua)
961 849 1060 912 presse
1087 840 1256 912 3333333333
1306 829 1308 835 ’

92 936 273 997 earundem
297 951 490 1014 personarum
519 953 594 1014 quae
627 943 697 996 sunt
719 935 749 996 in
771 953 817 996 nr.
843 937 855 996 1
883 934 1051 1014 vestigia¹)‚
1083 955 1136 998 nec
1159 936 1256 998 minus

91 1057 178 1100 curn
211 1055 258 1098 nr.
285 1039 298 1096 l
330 1045 359 1098 et
381 1036 400 1096 2
424 1035 594 1116 conspirant
621 1036 737 1116 elephas
766 1039 946 1118 Satyrusqne
976 1040 1026 1118 331
1055 1058 1122 1100 eum
1146 1039 1256 1118 probo-

91 1142 189 1203 scide
212 1140 301 1202 ducit.
337 1139 462 1220 Elephas
485 1147 583 1199 autern
606 1139 654 1200 bic
676 1157 735 1201 non
758 1141 850 1202 trahit
871 1156 1000 1214 currum,
1023 1143 1074 1204 sed
1097 1161 1163 1203 curn
1187 1161 1257 1222 eap-

92 1245 167 1305 tivo
193 1243 244 1324 qui
267 1243 354 1304 modo
377 1241 409 1302 in
431 1242 486 1302 bac
513 1240 686 1320 repetitione
714 1242 745 1303 in
769 1263 804 1305 eo
833 1245 949 1306 vehitur
971 1245 1049 1306 inter
1072 1245 1161 1325 spolia
1185 1265 1254 1326 pro·

93 1347 178 1408 duci
203 1346 331 1407 videtur:
355 1351 469 1406 mutato
491 1343 580 1423 igitur
602 1344 736 1406 animalis
760 1346 855 1408 3111313
871 1347 1006 1429 ineptum
1030 1358 1094 1410 erat
1116 1351 1253 1410 Amorem

95 1451 136 1511 in
164 1449 278 1511 cervice
309 1449 370 1510 eius
397 1447 529 1509 retineri.
553 1453 601 1490 -'
617 1448 731 1510 Additis
760 1449 791 1510 in
820 1459 945 1532 utraque
975 1461 1058 1532 parte
1080 1452 1164 1514 novis
1188 1452 1253 1532 331-

94 1553 236 1615 busdam
260 1553 371 1632 figuris,
393 1551 472 1612 inter
494 1569 567 1630 3333
591 1550 737 1630 11333331)
759 1553 842 1614 basta
871 1555 1069 1636 inceptivum
1093 1555 1253 1616 imminens

96 1656 235 1728 excellit,
258 1655 327 1716 satis
349 1655 476 1716 iucunde
498 1661 559 1715 tota
582 1655 755 1735 compositio
777 1656 946 1719 absolvitur.

197 1761 225 1820 4.
249 1759 387 1820 Extremo
420 1759 484 1820 loco
518 1758 577 1819 duo
610 1776 690 1837 pono
717 1758 894 1838 fragmenta,
917 1781 991 1841 quae
1025 1761 1156 1823 eiusdem
1188 1761 1301 1822 333343ι
1319 1761 1378 1812 eto

101 1863 268 1943 anaglyphi
282 1863 375 1938 multa
398 1881 465 1923 cunr
489 1859 695 1942 probabilitate
717 1862 820 1924 statuit
843 1865 952 1924 editor:
1114 1895 1116 1900 ·

197 1965 422 2029 Palblbani.
454 1965 548 2043 Zodga
571 1963 699 2024 bassiril.
715 1964 727 2024 1
741 1973 762 2025 3.
782 1965 801 2026 9
824 1975 852 2026 33
871 1967 919 2028 13.
937 1967 998 2027 Ρ33.
1015 1966 1047 2026 11.
1064 1966 1143 2027 lt-b.
1160 1965 1251 2028 2281.

197 2069 276 2130 luter
310 2068 409 2130 omnia
444 2087 520 2148 quae
554 2068 649 2130 adhuc
681 2068 801 2129 tractavi
829 2070 901 2130 haec
930 2055 1094 2147 fragmenta
1118 2071 1254 2132 videntur

101 2177 197 2251 longe
220 2191 285 2233 3333
307 2172 504 2252 pulcherrima
529 2177 558 2231 et
580 2169 799 2250 antiquissima,
830 2171 859 2231 id
883 2172 961 2252 quod
985 2172 1072 2233 etiam
1095 2177 1193 2252 lrgmt.
1211 2176 1251 2235 43

102 2278 216 2356 (Zoega
240 2277 250 2336 l
273 2275 305 2350 9)
328 2283 496 2354 temporum
520 2274 674 2353 iniquitate
700 2274 782 2335 valde
806 2275 953 2355 perditum
977 2275 1179 2350 demonstran
1213 2277 1251 2338 ita

104 2399 173 2442 non
196 2379 327 2440 dubitem
352 2378 448 2457 primo
471 2396 499 2456 p.
516 2376 548 2438 C.
572 2377 688 2438 saeculo
711 2377 766 2438 boc
794 2396 868 2457 opus
891 2378 1047 2439 vindicare.
1093 2380 1191 2454 lrgmt.
1208 2379 1252 2438 43

106 2485 247 2546 33331333
268 2484 404 2562 Satyrum
432 2480 501 2542 tuba
530 2479 696 2542 sonantem
727 2480 872 2560 captivum
902 2489 932 2541 et
954 2481 1098 2560 captivam
1133 2482 1250 2541 ductam

105 2589 144 2649 ab
169 2587 224 2647 alio
247 2586 350 2665 Satyro
372 2583 506 2645 similiter
527 2594 616 2662 atquc
638 2583 669 2643 in
692 2601 737 2644 nr.
762 2585 790 2653 l,
812 2584 870 2645 nisi
893 2585 972 2664 quod
997 2585 1118 2664 Satyros
1140 2584 1252 2644 cervice

107 2693 297 2753 dextrorsum
320 2688 395 2748 llexa
417 2695 447 2748 et
469 2686 578 2765 captiva
602 2685 717 2766 obliqua
741 2687 873 2766 expressi
894 2696 965 2770 sunt
986 2687 1070 2758 facie,
1098 2696 1132 2748 ut
1152 2687 1183 2746 in
1207 2703 1251 2746 nr.

108 2795 128 2856 3
154 2793 276 2874 captiva.
320 2790 475 2852 Praeterea
506 2789 536 2848 in
569 2792 667 2866 lrgmt.
702 2791 738 2851 de
772 2809 831 2869 quo
859 2809 913 2869 ago
939 2789 1049 2850 femina
1082 2789 1129 2850 illa
1152 2788 1251 2849 diade-

106 2905 187 2958 mate
219 2897 262 2957 vel
296 2895 393 2955 taenia
427 2899 530 2954 ornata
564 2901 626 2952 est..
662 2893 695 2956 ln
720 2894 820 2954 dextra
842 2901 925 2972 parte
949 2893 1122 2956 terminatur
1150 2893 1250 2971 lrgnrt.

107 2999 208 3080 gracili
231 2997 358 3079 quodam
382 3015 464 3068 vaso,
495 2995 575 3076 quod
603 2994 766 3057 ‘balaustra’
789 3005 873 3057 vocat
893 2995 931 3056 M.
954 2997 978 3057 A
1000 2996 1086 3057 simili
1109 2996 1207 3074 lrgmt.
1233 2994 1251 3056 b

109 3103 216 3182 (Zodga
233 3103 244 3162 l
262 3101 313 3178 10)
330 3098 433 3179 incipit
448 3099 526 3159 laeva
548 3104 641 3176 parte.
665 3097 805 3160 Continet
820 3099 962 3160 Baccbam
987 3108 1155 3160 coronatam
1180 3099 1250 3159 dex·

107 3215 238 3268 tremum
262 3210 443 3284 pergentem,
468 3217 542 3279 quae
558 3207 732 3279 tympanum
750 3203 829 3282 quod
843 3195 921 3264 laeva
934 3210 1018 3264 tenet
1029 3202 1128 3262 dextra
1141 3201 1251 3281 pangit,

109 3310 280 3391 pantheram
296 3307 432 3386 Satyrum
448 3311 588 3373 veterem,
612 3303 661 3380 331
685 3322 822 3382 magnum
844 3313 988 3367 craterem
1011 3305 1121 3368 umeris
1144 3312 1250 3383 portat.

109 3413 261 3475 Clauditur
281 3415 380 3490 trgmt.
402 3405 535 3486 reliquiis
558 3405 745 3484 quibusdam,
769 3427 845 3488 quae
861 3418 963 3488 portae
978 3411 1070 3471 luisse
1088 3408 1248 3469 videantur.

192 3515 305 3596 Captivi
341 3514 373 3574 in
408 3513 452 3572 43
490 3509 621 3588 expressi
655 3528 721 3571 cum
756 3513 998 3590 praecedentibus
1040 3513 1111 3572 baec
1150 3511 1248 3587 lrgmt.
1278 3528 1281 3537 ’

111 3619 312 3698 coniungenda
346 3634 410 3677 esse
440 3613 563 3684 docent3
596 3612 647 3673 sed
679 3613 727 3674 vix
759 3613 942 3677 abstinemus
976 3618 1049 3696 quin
1080 3615 1248 3676 coniectura

110 3723 223 3800 longius
246 3721 450 3802 procedamus.
480 3715 565 3776 Caret
581 3715 658 3775 enirn
683 3716 802 3796 captivis
818 3737 863 3780 nr.
881 3717 909 3790 2,
934 3721 1012 3799 quod
1035 3719 1133 3796 lrgmt.
1157 3736 1250 3796 aeque

112 3846 143 3887 33
163 3827 204 3886 43
227 3834 256 3885 33
278 3824 295 3885 b
319 3821 416 3884 estin
439 3817 545 3900 palatio
568 3817 618 3896 qui
641 3816 749 3880 dicitur
769 3820 881 3882 Albani.
912 3821 1005 3882 Facile
1026 3822 1114 3901 igitur
1136 3821 1247 3882 ineam

113 3929 277 4009 opinionem
300 3924 409 4005 delapsi
431 3923 538 3991 313133,
568 3928 600 3979 33
622 3919 676 3981 3313
710 3922 764 3983 1333
787 3923 950 4002 fragmenta
978 3923 1055 3986 idem
1079 3945 1153 4004 opus
1177 3942 1249 3984 oon-

118 4067 264 4130 3131333,13
282 4065 370 4131 33313,
393 4055 490 4112 13333133
518 4057 717 4124 semplicissima,
747 4061 827 4128 empia
844 4061 861 4109 il
881 4075 969 4126 eampo
987 4077 1033 4110 con
1053 4035 1248 4112 naturalazaae

116 4167 186 4204 33333
205 4147 368 4203 3331331333.
920 4207 926 4212 ,

174 4239 194 4302 ¹)
213 4237 262 4303 Qui
280 4237 405 4304 captivam
424 4231 494 4283 ducit
511 4235 614 4296 satyrus
639 4231 741 4284 nebride
759 4234 866 4284 33313333
889 4232 999 4284 13333333
1026 4233 1090 4284 idern
1115 4240 1247 4299 astatque

113 4324 192 4394 quiin
210 4341 247 4374 nr.
269 4325 315 4374 1.3
334 4324 426 4374 dextra
445 4319 501 4369 3133
519 4324 662 4382 conparet,
691 4320 811 4370 33333313
838 4320 884 4370 illo
912 4320 954 4384 331
981 4320 1018 4369 131
1046 4334 1099 4368 eam
1122 4319 1193 4369 33313
1211 4320 1248 4370 di·

111 4427 196 4466 versus
215 4419 265 4463 est
805 4398 807 4402 ’

172 4497 194 4562 ²)
211 4497 354 4548 Ridiculum
373 4497 398 4546 in
418 4495 516 4545 modum
535 4485 650 4539 Ρ333113
668 4492 715 4542 hac
732 4493 812 4555 ligure
831 4492 861 4542 33
881 4491 1032 4553 emendanda
1058 4490 1138 4540 Plinii
1165 4492 1244 4540 333133

114 4585 305 4652 qnaelagentur
323 4583 387 4634 313.
406 4581 517 4634 XXXV.
538 4583 581 4632 lb.
600 4580 745 4630 36313333
764 4589 805 4630 333
823 4577 910 4644 (33313.
930 4579 997 4630 Ζ313.
1016 4577 1049 4630 Vl
1070 4576 1155 4638 lbd*l.

160 4669 252 4716 (13333,
269 4667 296 4709 33
311 4667 390 4709 Bocchi
404 4667 542 4719 expeditione
557 4665 641 4709 133133.
1069 4665 1085 4716 2
