3202 5246
802 362 1000 426 -g-

399 538 421 606 ⁴)
438 527 563 592 Montium
581 541 707 592 transitus
725 540 768 605 qni
787 555 818 590 ex
836 538 890 590 lodi
909 539 1018 590 hominis
1036 538 1141 602 regione
1159 538 1190 588 ed
1209 536 1290 588 Oxum
1308 537 1423 602 ducunt,
1449 537 1508 586 ‹le-
1575 521 1576 532 ¹

331 627 437 694 scripsit
464 626 566 692 Spiegel
584 626 633 678 l.l.
656 643 678 694 p.
693 627 750 679 199.
803 626 922 677 Ceterum
949 626 1008 676 vide
1035 625 1178 676 Prellernm
1197 623 1293 675 MG⁸l
1316 623 1410 690 pete
1449 623 1507 688 qui

330 712 394 778 (not.
408 713 433 775 2)
460 713 600 764 bactricam
626 711 721 779 Nysam
750 713 776 762 in
795 712 907 764 Caucaso
937 711 1021 763 lndico
1040 709 1120 762 luisse
1140 709 1216 774 dicit;
1234 711 1278 760 sed
1296 725 1341 760 cur
1361 711 1439 761 hanc
1464 709 1504 759 ab

332 797 417 850 Indica
437 799 564 850 diversam
583 799 678 850 indicet
697 799 792 850 nescio.

400 885 420 952 ⁵)
440 885 591 952 Quamquam
610 886 710 936 occasio
728 883 795 935 hand
813 884 892 934 semel
911 883 1078 934 offerebatur:
1111 898 1166 934 nam
1184 883 1211 934 in
1229 883 1379 936 llactrornm
1405 891 1503 934 terra
1575 941 1576 944 Ἴ

332 971 375 1022 diu
386 979 554 1023 commoretur
565 979 622 1023 erat
631 971 787 1034 Alexander,
800 970 859 1036 quin
868 971 944 1022 ctiam
953 987 1008 1022 cnm
1017 972 1049 1021 ad
1058 972 1162 1022 bessum
1172 972 1370 1037 persequendum
1382 987 1419 1022 eo
1428 978 1503 1022 ten-

333 1059 408 1110 deret
426 1057 494 1123 (Arr.
514 1058 562 1110 An.
581 1057 621 1108 lll.
640 1057 682 1108 28.
702 1057 728 1122 1)
747 1054 886 1108 Caucasum
904 1055 1016 1110 lodicum
1033 1053 1202 1125 superaverat
1219 1064 1357 1124 gentesque
1373 1057 1500 1108 Indicas

334 1146 475 1198 invaserat.
511 1144 666 1212 Saepissime
684 1144 715 1194 de
734 1142 847 1194 llercnle
865 1151 891 1194 et
908 1141 1003 1194 Perseo
1023 1143 1102 1194 verba
1115 1142 1211 1195 faciunt
1222 1151 1349 1210 auctores,
1369 1155 1502 1210 qnorum

333 1231 526 1284 aemulationem
540 1231 710 1283 Alexandrum
723 1245 784 1297 prae
798 1245 825 1280 sa
839 1228 932 1279 tulisse
945 1230 1064 1281 narravit
1076 1229 1247 1282 Callisthenes
1261 1227 1302 1294 tir.
1317 1229 1349 1280 36
1364 1230 1503 1280 Mueller

333 1316 476 1370 cl.Arrian.
486 1319 533 1369 An.
544 1315 584 1368 lll.
595 1313 629 1383 3).
643 1318 698 1368 lam
707 1314 1029 1382 leceratAlexanderpiam
1041 1316 1112 1368 illam
1122 1317 1153 1368 de
1164 1324 1224 1368 ortu
1233 1331 1279 1366 sno
1292 1313 1420 1380 fraudem,
1437 1332 1499 1382 qna

333 1405 479 1455 Ammonem
502 1411 598 1471 patrem
622 1403 795 1454 ementiretur.
818 1428 851 1438 -
874 1400 949 1452 Immo
967 1403 1090 1454 llacchnm
1109 1404 1140 1454 ab
1159 1404 1304 1454 Alexandro
1323 1410 1383 1469 post
1402 1403 1499 1454 Bessi

333 1491 483 1558 supplicium
505 1491 686 1554 neglectum
708 1503 765 1544 esse
785 1495 897 1539 testatur
916 1489 1042 1540 Arrianus
1063 1488 1121 1554 (An.
1137 1488 1170 1542 lV
1185 1491 1209 1540 8.
1228 1488 1259 1540 cl.
1274 1489 1379 1540 Diodor.
1393 1488 1496 1542 XVll.
1575 1469 1576 1492 ff

333 1577 448 1643 llpltome
460 1573 517 1644 κζ’).
547 1577 634 1644 Neque
647 1579 674 1628 in
686 1577 834 1628 universnm
846 1574 949 1624 multam
962 1575 1049 1626 Liberi
1069 1573 1195 1626 lectorum
1209 1576 1335 1628 rationem
1355 1577 1497 1628 habuisse

336 1664 487 1716 Macedones
506 1665 627 1716 discimus
647 1678 678 1714 err
697 1663 843 1714 Anaxarchi
861 1661 949 1712 verbis
967 1645 1071 1712 Arrian.
1089 1663 1167 1713 Anah.
1188 1661 1222 1732 qu
1242 1663 1281 1714 10.
1300 1664 1323 1714 6.
1367 1664 1495 1715 Accedit

335 1751 516 1804 Eratosthenis
533 1750 707 1802 testimoninm
726 1751 790 1816 apud
808 1748 958 1798 Strabonem
977 1747 1027 1800 XV
1045 1764 1067 1814 p.
1082 1747 1174 1814 688sq.
1575 1737 1576 1740 '

402 1838 424 1901 8)
442 1836 618 1888 Aristobulnm
635 1837 711 1888 huius
729 1835 830 1888 lnbnlae
853 1834 1005 1885 mentionem
1032 1833 1126 1886 iecisse
1150 1836 1241 1886 docent
1264 1835 1371 1887 Arriani
1397 1838 1491 1888 verba

338 1923 419 1975 Anah.
438 1921 492 1974 Vll.
512 1923 544 1972 20
563 1938 626 1989 qnae
647 1922 792 1974 Aristobnli
815 1936 872 1971 esse
895 1928 1041 1988 comparato
1061 1922 1115 1972 eius
1133 1918 1274 1986 lragmento
1292 1921 1324 1972 41
1344 1921 1493 1987 (Mueller)
1575 1913 1576 1952 f

339 2009 478 2073 evincitur,
496 2010 533 2060 ita
544 2009 643 2075 quidem
661 2017 690 2060 ut
703 2009 841 2060 Arriannm
854 2009 985 2060 videamus
1002 2009 1104 2074 plenius
1122 2015 1149 2058 et
1166 2007 1311 2060 accuratius
1329 2007 1491 2060 Aristobuli

336 2097 414 2150 verba
433 2112 562 2148 servasse.
598 2097 716 2148 Ceterum
734 2094 765 2147 ol.
783 2097 902 2164 Droysen
920 2096 986 2146 llell.
1004 2094 1023 2146 l.
1041 2096 1056 2146 2
1075 2112 1099 2162 p.
1112 2095 1170 2146 394.
1575 2159 1576 2172 ἵ

403 2185 424 2248 ⁷)
442 2182 533 2234 Paullo
551 2183 697 2236 accuratius
716 2199 789 2250 qnam
807 2183 1019 2235 Schwsnbeckius
1037 2182 1101 2234 lecit
1118 2181 1291 2248 Megasthenis
1310 2182 1338 2231 de
1361 2181 1487 2250 Dionyso
1575 2173 1576 2184 ¹

299 2305 301 2311 ,
336 2261 475 2322 commenta
497 2269 674 2322 circumscribi
697 2278 804 2336 possunt
830 2271 955 2337 imprimis
973 2270 1098 2321 attentius
1117 2270 1259 2321 examinata
1277 2269 1383 2320 Diodori
1404 2285 1486 2335 quam
1509 2313 1511 2318 .

337 2365 431 2410 vocant
449 2356 623 2420 Megasthenis
642 2357 759 2422 epitome,
778 2373 826 2424 qna
845 2358 919 2408 nimis
932 2358 1089 2408 confidenter
1101 2356 1180 2406 adhoc
1198 2355 1238 2406 usi
1254 2362 1314 2406 sunt
1325 2355 1378 2408 viri
1399 2356 1485 2406 docti.

401 2446 422 2510 ⁸)
441 2443 521 2495 Docte
548 2451 574 2494 et
602 2443 772 2508 probabiliter
800 2443 928 2494 Lassenns
957 2441 1094 2507 (Ztschrift
1117 2441 1134 2492 f.
1159 2443 1181 2492 d.
1202 2439 1231 2493 li.
1252 2443 1275 2493 d.
1295 2441 1327 2492 M.
1350 2442 1412 2508 Vp.
1426 2443 1485 2492 254

336 2525 369 2578 cl.
384 2527 415 2579 A.
426 2528 443 2581 l.
456 2529 466 2580 l
479 2546 502 2596 p.
516 2529 577 2596 610)
591 2530 710 2595 exposuit
723 2530 795 2580 linem
808 2529 979 2596 expeditionis
989 2530 1097 2596 Dionysi
1107 2530 1206 2595 qualem
1216 2529 1394 2592 Megasthenes
1405 2529 1486 2578 exhi-

337 2615 418 2680 beret,
430 2617 463 2668 ad
471 2615 579 2667 indicam
589 2616 711 2682 quandam
721 2616 894 2682 genealogiam
904 2625 1028 2682 spectare,
1042 2617 1083 2668 cui
1096 2617 1161 2668 nibil
1171 2630 1300 2668 commune
1313 2621 1353 2666 est
1365 2631 1420 2666 cnm
1429 2616 1483 2666 deo

338 2701 410 2770 diva.
444 2703 481 2752 lle
499 2701 571 2752 cuins
590 2701 662 2754 cultu
685 2717 741 2752 cum
760 2702 840 2754 adhuc
867 2719 954 2770 parum
981 2704 1066 2755 edocti
1093 2705 1188 2769 simus,
1216 2704 1294 2754 donec
1320 2691 1484 2766 argumentis

340 2789 472 2854 probatum
482 2789 518 2838 sit
527 2789 625 2854 reliqna
635 2803 697 2854 qnae
708 2786 886 2852 Megasthenes
899 2791 929 2841 de
940 2790 1052 2856 llionpso
1063 2798 1150 2840 narret
1159 2792 1190 2841 ad
1201 2791 1272 2841 illum
1283 2790 1419 2858 pertinere,
1430 2805 1483 2852 ego

338 2889 393 2927 tneo
412 2874 468 2924 iure
487 2875 533 2924 hoc
552 2889 624 2941 nego,
644 2875 704 2940 quin
723 2875 800 2926 etiam
818 2877 917 2927 unicam
935 2893 989 2928 rem
1001 2877 1027 2927 in
1040 2893 1087 2942 qna
1100 2878 1245 2928 consentire
1264 2877 1350 2927 ambos
1364 2867 1482 2926 Lasseno

338 2963 421 3011 visum
439 2967 488 3024 est,
507 2961 588 3012 solius
606 2960 779 3024 Megasthenis
797 2963 944 3013 testimonio
963 2963 1032 3014 nisus
1051 2965 1093 3014 vir
1111 2964 1157 3015 ille
1176 2965 1265 3015 doctus
1279 2963 1379 3027 statuit,
1392 2977 1482 3028 quam-

337 3061 409 3114 quam
426 3045 507 3098 ludici
525 3048 667 3114 scriptores
686 3047 751 3099 nihil
770 3049 801 3100 de
819 3063 849 3099 ea
867 3048 990 3101 referunt.
1019 3037 1058 3101 A.
1070 3049 1088 3101 l.
1102 3049 1123 3100 ll
1141 3066 1164 3116 p.
1179 3049 1238 3100 925.

407 3135 468 3186 llem
485 3135 561 3197 longe
578 3134 658 3186 aliter
676 3149 704 3185 se
721 3135 814 3186 habere
834 3135 863 3184 de
881 3132 993 3186 lirishna
1011 3135 1067 3202 deo,
1089 3137 1132 3202 qui
1150 3151 1178 3196 re
1205 3151 1269 3190 vera
1287 3134 1410 3186 llercnles
1439 3142 1481 3186 est
1575 3157 1576 3162 ¹

338 3221 504 3286 Megasthnni
524 3220 707 3288 dubitationem
725 3234 828 3272 movere
854 3237 903 3270 non
929 3222 1011 3286 debet,
1030 3222 1089 3288 quia
1107 3222 1175 3272 inter
1202 3223 1248 3274 hos
1275 3222 1335 3272 deos
1362 3219 1480 3288 prolecto
1575 3285 1576 3290 Ἰ

339 3308 479 3359 similitudo
507 3309 627 3374 quaedam
654 3308 799 3358 intercedit.
847 3306 933 3376 ltaque
965 3309 991 3358 in
1018 3309 1137 3360 llercnlis
1163 3307 1238 3360 lactis
1261 3308 1415 3360 'enarrandis
1444 3308 1478 3358 M.
1575 3293 1576 3342 Ῐ

340 3395 413 3462 plane
431 3411 447 3446 a
464 3393 644 3446 Macedonibus
663 3394 791 3456 dissentit,
810 3393 834 3444 id
853 3395 918 3460 qnod
937 3394 1159 3447 Schwanbechium
1177 3393 1251 3459 lngit.

406 3483 429 3546 ⁰)
449 3481 540 3532 Ταῦτα
559 3477 590 3532 δὲ
607 3475 666 3532 obre
683 3481 855 3548 Πτολεμαῖος
873 3476 999 3548 ὁΛάγου
1021 3477 1080 3532 οὔτε
1094 3473 1297 3553 Ἀριστόβουλος
1323 3478 1338 3532 ὁ
1362 3476 1481 3552 Ἀριστο-

339 3561 441 3634 βούλου
468 3563 621 3640 ἀνέγραψεν
648 3562 714 3620 eride
730 3585 772 3625 τις
790 3563 869 3626 ἄλλος
886 3561 981 3624 ὅντινα
1000 3563 1094 3622 ἱκανὸν
1112 3564 1147 3623 oie
1162 3585 1202 3626 τις
1218 3562 1480 3637 ποιήσαιτοτεκμη-

340 3655 428 3724 pricos
445 3649 513 3724 ὑπὲρ
531 3653 585 3707 τῶν
602 3653 721 3708 τοιῶνδε.
757 3656 819 3708 Arr.
836 3659 884 3707 An.
904 3655 945 3708 Vl.
965 3655 1005 3707 28.
1575 3713 1576 3726 ¹

409 3741 504 3808 Neque,
523 3743 547 3792 id
565 3743 631 3808 quod
649 3743 724 3795 valde
743 3745 904 3808 premendum
922 3751 968 3808 est,
989 3743 1166 3808 Megasthenes
1189 3743 1341 3810 triumphum
1362 3759 1479 3796 narrasse
1575 3729 1576 3780 l

341 3829 452 3881 videtur.
488 3829 606 3895 Ceterum
623 3828 656 3881 cl.
674 3831 791 3897 llroysen
811 3831 875 3886 llell.
893 3829 904 3881 l
923 3832 937 3882 2
956 3847 979 3898 p.
994 3829 1052 3880 230.

411 3917 442 3981 ¹⁰)
460 3916 643 3969 Philostratum
662 3917 688 3968 in
707 3917 795 3968 multis
813 3917 900 3968 inveni
925 3925 951 3968 ct
969 3933 1024 3966 cnm
1043 3916 1160 3967 versione
1178 3915 1389 3968 Macedonica-
1407 3932 1479 3982 quarn

343 4005 480 4056 brevitatis
498 4007 575 4056 cansa
593 4005 630 4056 itu
648 4004 749 4055 nomino
768 4031 800 4041 -
824 4011 924 4055 etcum
951 4002 1237 4055 Pseudo-Callisthenea
1265 4004 1301 4054 ita
1329 4018 1478 4068 congruere,

345 4098 375 4142 ot
392 4093 457 4157 quod
476 4091 507 4142 ad
525 4089 626 4142 labnlae
645 4090 870 4143 conformationem
888 4091 983 4142 attinet
999 4091 1107 4142 medinm
1125 4090 1179 4142 lere
1197 4092 1265 4142 inter
1289 4089 1373 4141 ambas
1397 4091 1479 4140 locum

344 4186 431 4230 tenere
451 4178 577 4229 videatur.
614 4177 682 4244 Quae
701 4193 743 4228 res
762 4193 776 4228 a
794 4178 859 4228 viris
879 4178 961 4228 doctis
979 4177 1059 4228 adhuc
1084 4178 1200 4242 neglecta
1227 4183 1345 4242 separata
1373 4175 1477 4241 inquisi·
1575 4215 1576 4246 3

343 4263 413 4314 tione
431 4263 536 4329 indiget,
555 4264 586 4314 ad
604 4279 676 4330 qnam
694 4264 875 4316 instituendam
894 4279 954 4315 sune
968 4271 1063 4315 rectam
1076 4265 1144 4316 viam
1155 4267 1363 4314 monstraverunt
1375 4261 1477 4326 iudicio,
1575 4259 1576 4302 l

345 4349 410 4416 quod
429 4349 458 4400 de
477 4349 628 4402 Philostrati
648 4351 674 4400 in
692 4349 761 4402 ludia
790 4351 955 4402 describenda
977 4351 1026 4401 lide
1043 4348 1173 4400 ferendum
1200 4365 1257 4402 esse
1294 4349 1477 4400 intellexerunt

345 4435 476 4505 llapserns
502 4435 582 4513 (rsit.
597 4437 635 4488 ed.
653 4439 710 4490 mei.
728 4455 751 4504 p.
774 4438 818 4504 Vl)
843 4445 870 4488 et
892 4437 1072 4489 EMnellerns
1099 4437 1124 4485 in
1151 4437 1226 4488 docte
1252 4436 1295 4488 sed
1322 4435 1478 4486 intolerabili

345 4527 461 4577 sermone
484 4524 580 4591 scripte
602 4524 811 4574 commentatione
843 4523 884 4574 cui
916 4523 1065 4589 inscriptum
1089 4529 1143 4586 est,
1170 4524 1233 4574 ‘war
1251 4522 1403 4589 Apollonius
1430 4527 1478 4573 voh
