3202 5246
610 389 829 454 ...23-

301 570 399 630 indole
425 533 576 648 appareat,
608 585 687 628 nunc
713 583 834 647 prorsus
858 569 980 647 neglexi,
1009 588 1185 648 qrrmnquam
1220 588 1291 630 sane

296 672 360 734 eius
376 671 580 754 interpretatio
606 669 707 732 multis
723 668 862 750 impedita
886 680 930 732 est
946 671 1175 734 difficultatibus.

607 915 733 996 'lypus
763 915 829 976 Λ2.

235 1072 367 1134 Bacchus
377 1072 542 1152 elephantis
555 1071 627 1150 bigis
641 1071 775 1132 invectus
789 1071 925 1133 similiter
935 1081 1021 1151 atque
1032 1073 1061 1135 in
1073 1075 1093 1134 t
1107 1076 1116 1133 l
1135 1092 1291 1154 expressus

142 1184 203 1238 est.
229 1175 390 1238 Sinistrum
410 1177 514 1256 pedem
531 1176 645 1236 videtur
663 1177 760 1256 paullo
774 1174 965 1254 promovisse,
977 1175 1016 1236 ita
1030 1187 1062 1237 ut
1075 1185 1170 1238 totum
1185 1196 1291 1256 corpus

142 1278 287 1340 nonnihil
302 1277 333 1340 in
350 1279 481 1340 dextram
498 1296 628 1358 pronum·
641 1279 688 1338 sit.
712 1278 817 1341 Dextra
834 1286 916 1341 tenet
930 1278 1165 1358 thyrsoloncham
1182 1277 1290 1340 demis·
1357 1329 1362 1336 .

145 1401 224 1455 sam,
243 1382 280 1443 de
292 1383 370 1444 laeva
383 1381 548 1444 videbimus
564 1381 594 1441 in
604 1380 728 1460 singulis
741 1380 937 1464 sarcophagis,
953 1381 1119 1444 diademate
1131 1393 1161 1444 et
1176 1383 1292 1462 cingulo

147 1504 211 1566 quo
229 1485 400 1546 continetur
429 1484 559 1564 chlamys
582 1483 681 1546 circuli
709 1484 803 1544 forma
831 1484 953 1546 volitans
980 1495 1100 1546 ornatus
1128 1495 1180 1548 est.
1225 1487 1292 1547 Ele-

147 1587 270 1668 phantis
302 1586 450 1648 vehuntur
471 1586 556 1668 pueri
587 1586 629 1646 vel
660 1585 757 1665 potins
774 1587 974 1648 adolescentes
1003 1589 1153 1670 chlamyde
1183 1589 1291 1662 amicti,

151 1708 283 1770 quorum
301 1708 383 1752 coma
410 1689 619 1768 lndosarguit.
664 1689 818 1751 Praeterea
845 1690 953 1752 nullius
980 1691 1090 1768 figurae
1118 1701 1149 1754 ut
1176 1691 1206 1754 in
1233 1693 1291 1766 Al,

147 1800 293 1854 constans
307 1811 377 1854 usus
390 1791 475 1854 redit.
508 1791 735 1868 Inveniuntur¹l
748 1792 962 1854 elementorum
975 1795 1031 1854 iam
1047 1801 1184 1853 notorum
1203 1797 1291 1857 haec:

237 1916 258 1955 α
301 1895 344 1956 lta
368 1915 504 1976 expressa
528 1903 573 1956 est
596 1895 738 1966 Victoria,
773 1905 804 1956 ut
832 1895 929 1975 paullo
953 1896 1043 1975 magis
1068 1899 1212 1973 spectanti
1235 1899 1291 1960 ob-

301 2007 482 2074 verteretur;
514 2007 544 2059 et
566 2016 781 2079 nonnunquam
805 2007 926 2081 apparet
956 2000 1057 2061 dextra
1081 2018 1147 2060 cum
1172 2019 1290 2062 corona.

236 2103 267 2182 β,
290 2118 317 2183 y,
341 2099 370 2163 δ.

237 2225 268 2290 o³
303 2207 381 2285 quod
405 2204 583 2267 elementum
607 2216 641 2266 eo
664 2204 791 2266 discedit
819 2211 902 2278 a,c‘,
936 2206 1014 2284 quod
1042 2222 1103 2265 non
1137 2205 1292 2285 elephanto

301 2308 351 2370 sed
376 2309 485 2369 camelo
509 2309 658 2369 vehuntur
681 2306 796 2386 captivi.

237 2431 272 2493 e,
307 2410 424 2472 Silenus
441 2419 571 2473 ceterum
589 2410 756 2472 simillimus
773 2420 841 2490 typo
858 2417 903 2481 ,e‘‚
921 2407 978 2468 nisi
994 2409 1071 2488 quod
1089 2419 1207 2470 curvato
1224 2429 1291 2471 cor-

299 2513 379 2593 poris
413 2522 490 2575 statu
525 2515 582 2574 iam
615 2513 713 2594 paullo
742 2512 864 2594 propius
887 2511 923 2574 ad
953 2511 1025 2572 ebrii
1054 2513 1134 2574 senis
1164 2513 1290 2594 speciem

301 2617 420 2678 accedit.

237 2723 252 2780 f
296 2737 342 2780 nr.
374 2721 439 2781 tet
460 2719 489 2781 2.

236 2843 251 2883 z

239 2925 319 2986 Nova
343 2927 485 2986 elementa
509 2925 698 2987 inveniuntur
720 2923 805 2983 haec:

150 3035 156 3048 '
237 3050 255 3110 g
300 3029 410 3090 Baccha
452 3030 562 3091 saltans
610 3027 739 3109 cymbala
791 3025 961 3086 concutiens
1004 3035 1132 3106 utroque
1173 3027 1291 3088 brachio

299 3131 425 3195 sublato.

236 3237 255 3298 h
301 3236 410 3298 Baccha
433 3244 604 3316 tympanum
628 3234 748 3314 pulsans
765 3231 858 3312 capite
881 3231 989 3292 rellero
1015 3231 1117 3294 similis
1139 3231 1178 3292 illi
1203 3251 1289 3312 quarn

301 3339 333 3401 in
356 3339 458 3400 classis
473 3339 485 3398 l
501 3355 547 3399 nr.
571 3337 590 3396 4
605 3335 624 3396 h
642 3335 778 3397 vidimus.
1245 3331 1248 3338 '

236 3443 244 3502 i
302 3442 412 3503 Baccha
440 3441 557 3502 adversa
579 3439 696 3520 syringe
712 3457 821 3500 sonans
844 3439 935 3500 altero
959 3439 1068 3500 nudato
1085 3457 1179 3499 crure.

236 3547 252 3606 lr
299 3546 420 3624 Satyrus
450 3543 500 3625 qui
529 3542 622 3624 capite
645 3543 758 3602 dellexo
786 3553 815 3602 et
845 3543 934 3602 altero
951 3542 1025 3622 pede
1052 3541 1081 3602 in
1104 3539 1206 3602 altiore
1223 3541 1286 3602 loro

299 3646 396 3727 posito
413 3643 711 3724 (,hochaul”tretend‘)
727 3651 838 3705 cratere
854 3645 975 3705 inlantis
997 3643 1076 3705 sitim
1099 3644 1190 3705 sedat.

235 3752 242 3811 l
297 3751 418 3830 Satyrus
440 3749 543 3811 dextro
566 3747 684 3808 hrachio
705 3763 831 3826 puerum
849 3755 970 3827 portans
997 3747 1032 3808 ad
1060 3766 1147 3827 quem
1175 3748 1287 3808 vultum

296 3853 419 3915 rellectit
441 3853 545 3931 cuique
572 3851 680 3912 larvam
708 3851 752 3912 vel
778 3850 863 3912 aliam
890 3869 954 3912 rem
979 3858 1131 3911 monstrat.

233 3977 262 4018 m
294 3956 406 4019 Baccha
422 3955 540 4017 brachio
561 3973 648 4035 supra
666 3962 754 4034 caput
775 3954 851 4014 elato
873 3964 1043 4034 tympanum
1069 3961 1184 4026 tenens,
1210 3953 1288 4032 quod

297 4061 328 4122 in
358 4070 440 4137 tergo
471 4058 532 4120 eius
563 4058 717 4138 dependet.

216 4251 237 4317 ¹)
257 4249 390 4316 composui
407 4249 453 4300 has
466 4247 576 4300 tabellas
589 4264 620 4300 ex
634 4246 748 4299 omnibus
762 4247 804 4313 qui
817 4245 877 4296 mihi
890 4246 970 4296 adhue
983 4246 1036 4296 sint
1048 4245 1101 4296 noti
1114 4244 1285 4311 sarcophegis;

147 4337 253 4387 interim
271 4335 302 4386 ab
321 4351 469 4402 unoquoque
491 4351 556 4387 novo
575 4336 640 4402 quod
659 4341 729 4385 terra
743 4333 785 4383 vel
802 4347 945 4383 messorum
964 4333 1086 4382 obscurae
1105 4330 1217 4380 latebrae
1235 4330 1288 4382 laci

146 4421 279 4474 redditura
297 4421 351 4473 siut
368 4429 527 4473 monumento
546 4436 610 4472 nova
628 4421 752 4472 elemento
771 4433 900 4484 quaecum
919 4419 1000 4468 altere
1011 4417 1093 4468 ultera
1111 4417 1202 4468 classis
1221 4432 1287 4466 corn-

145 4509 230 4559 munis
249 4507 339 4558 hebeat
359 4515 417 4558 suut
435 4507 597 4574 expectando.
