3202 5246
584 423 803 488 ..53-

118 602 234 680 ghettio
251 602 357 664 editam
376 602 509 682 quinque
521 601 623 680 liguris
639 611 754 664 auctam
772 621 846 673 esse,
873 610 990 664 mortuo
1007 603 1089 664 humi
1105 603 1218 665 iacente
1235 613 1264 664 et
1286 671 1290 682 ¹

120 712 264 787 quattuor
286 705 351 766 aliis
373 705 451 766 inter
467 725 541 785 qrxos
554 706 681 768 Victoria
697 714 858 785 comparet.
895 707 926 766 lu
943 726 1000 786 qua
1016 715 1099 787 parte
1115 707 1264 785 quomodo

119 828 168 869 res
192 827 224 868 se
247 808 361 878 habeat,
384 827 465 870 nunc
487 811 598 882 nescio,
621 809 672 870 sed
696 828 763 870 cum
787 809 818 870 in
834 810 903 871 Cob.
927 820 956 872 et
977 810 1009 871 iu
1033 810 1110 870 llich.
1137 810 1213 872 desit
1235 819 1264 870 et

113 930 174 992 per
190 930 222 972 se
238 911 359 972 minime
375 913 507 974 videatur
523 915 558 974 ad
574 913 667 974 nostri
684 913 836 994 anaglyphi
850 913 1097 993 compositionem
1111 914 1264 994 quadrare,

119 1015 208 1094 plane
232 1033 295 1076 eam
319 1016 477 1094 neglegam.
847 997 849 999 ¹

209 1117 241 1178 ln
265 1136 365 1178 rerum
388 1125 465 1178 statu
496 1119 610 1198 qualem
638 1121 727 1180 modo
759 1119 879 1199 exposui
908 1120 1034 1182 maxime
1058 1139 1073 1180 e
1095 1138 1128 1180 re
1151 1119 1265 1180 videtur

121 1239 196 1293 esse,
221 1220 418 1300 anaglyphum
442 1222 540 1300 paullo
563 1223 728 1284 accuratius
751 1221 935 1295 describere,
958 1224 1053 1309 itaut
1080 1222 1264 1302 gravissimas
1296 1291 1298 1295 ,

121 1323 262 1384 aceteris
285 1324 500 1386 imitationibus
524 1326 734 1405 discrepantias
757 1326 787 1387 iu
805 1327 1006 1388 describendo.
1020 1339 1172 1398 moueam;
1195 1343 1263 1386 uam

123 1445 163 1487 ne
185 1427 345 1506 descriptio
369 1427 488 1508 quidem
505 1430 590 1508 plena
615 1437 644 1490 et
659 1438 793 1491 accurata
810 1430 882 1490 mihi
899 1430 1036 1501 innotuit,
1060 1449 1126 1491 cum
1143 1429 1264 1508 Mattius

123 1531 153 1592 in
177 1530 378 1608 Coburgensis.
393 1532 570 1610 imaginibus
593 1533 802 1594 enumerandis
825 1552 917 1612 pauca
941 1535 1029 1594 modo
1053 1533 1140 1594 verba
1164 1533 1265 1594 fecerit

122 1633 159 1694 de
193 1634 258 1694 hoc
279 1635 450 1714 anaglypho.
483 1637 505 1696 Α
534 1644 616 1715 parte
650 1637 730 1699 laeva
766 1638 879 1699 ordior:
912 1637 1037 1698 Victoria
1077 1637 1263 1697 dextrorsum

118 1736 234 1798 incedit
257 1737 334 1800 laeva
360 1739 485 1818 palmam
516 1748 634 1814 teneus3
667 1741 800 1802 dextram
831 1750 1000 1820 porrectam
1024 1741 1116 1802 luisse
1138 1740 1265 1802 lacertus

120 1839 257 1902 sublatus
281 1842 374 1904 docet.
419 1843 560 1921 Sequitur
583 1844 627 1904 vir
652 1844 901 1916 diadematusut
931 1845 1053 1912 videtur,
1078 1845 1177 1906 nudus
1198 1863 1265 1904 cum

124 1945 223 2024 Satyri
246 1945 346 2018 cauda,
371 1945 471 2007 dextra
495 1954 578 2022 tenet
601 1948 688 2026 gladii
712 1949 857 2028 capulum.
903 1949 926 2008 d
949 1941 1049 2008 dextra
1073 1949 1138 2010 eius
1162 1946 1265 2028 capitis

112 2032 233 2109 ⁴corona
258 2057 336 2111 extat
353 2069 440 2130 quam
466 2063 587 2129 apparet
603 2050 760 2112 Victoriam
778 2051 908 2138 tenuisse
925 2051 1025 2113 dextra
1050 2069 1129 2112 nunc
1152 2051 1266 2131 perdita

123 2161 156 2212 et
178 2153 343 2232 porrexisse
368 2153 545 2215 adolescenti
569 2154 620 2233 qui
644 2161 689 2214 est
712 2174 727 2216 a
750 2155 853 2216 dextra
876 2155 966 2234 Satyri
996 2162 1026 2216 et
1059 2154 1263 2216 sinistrorsum

120 2255 238 2316 videtur
262 2271 394 2336 pergere.
439 2257 491 2318 llic
515 2266 579 2320 toto
600 2277 723 2337 corpore
750 2259 888 2320 adversus
918 2277 1075 2338 expressus
1098 2267 1144 2319 est
1173 2257 1267 2337 capite

120 2359 284 2439 paullulum
309 2360 426 2430 reflexo,
451 2361 549 2422 nudus
565 2361 622 2422 uisi
638 2362 716 2441 quod
733 2361 764 2422 in
787 2362 906 2424 brachio
929 2365 1009 2424 laevo
1026 2363 1112 2440 longe
1129 2363 1266 2423 dextror-
1317 2344 1321 2353 ¹

80 2462 85 2472 ’
121 2481 191 2524 sum
225 2472 360 2543 porrecto
395 2463 524 2544 chlamys
546 2466 654 2544 pendet
677 2466 721 2528 vel
755 2465 868 2540 nebris;
900 2467 1033 2528 dextram
1058 2465 1093 2525 sd
1128 2478 1264 2526 coronam

121 2565 228 2637 tendit,
251 2574 381 2628 armatus
405 2585 464 2628 non
490 2578 543 2637 est,
569 2569 656 2630 barba
680 2576 759 2629 caret
781 2565 811 2630 in
836 2568 905 2631 Cob.
941 2567 1046 2640 (Hodie
1069 2576 1155 2647 caput
1177 2566 1267 2627 habet

123 2667 279 2730 barbatum
303 2677 378 2732 teste
394 2670 539 2743 Eichlero,
562 2672 599 2733 cf.
615 2672 813 2750 rogginium).
859 2673 941 2734 luter
957 2671 1112 2733 Victoriam
1136 2678 1162 2730 et
1186 2671 1267 2760 hunc

126 2772 345 2833 adolescentem
362 2781 430 2834 ante
454 2774 548 2853 Satyri
570 2775 659 2854 pedes
676 2775 758 2835 humi
773 2775 847 2836 iacet
869 2785 1005 2836 mortuus
1021 2782 1071 2836 aut
1093 2764 1266 2834 vulneratiis

125 2875 171 2936 cui
194 2877 334 2956 panthera
358 2897 434 2957 quae
456 2877 535 2939 iuxta
559 2879 776 2940 adolescentem
804 2879 897 2940 currit
925 2879 1037 2940 cervice
1060 2875 1265 2938 sinistrorsum

123 2981 230 3040 reflexa
263 2984 355 3056 (nunc
377 2981 548 3043 foedissime
576 2982 614 3044 ita
648 2990 810 3044 restaurata
834 2991 895 3053 est,
929 2991 963 3044 ut
985 2980 1091 3046 cervici
1114 2979 1205 3040 adfixa
1229 2979 1267 3040 sit

123 3083 212 3154 facies
233 3085 261 3144 in
278 3085 398 3146 alteram
422 3096 535 3164 partem
550 3090 697 3166 spectans)
723 3104 835 3165 ungues
851 3083 935 3144 inicit
946 3083 978 3144 iu
993 3083 1123 3162 inguina.
1155 3083 1266 3144 Laevus

126 3187 213 3248 huius
227 3189 370 3250 vulnerati
387 3189 514 3250 lacertus
531 3190 664 3252 sublatus
682 3199 726 3252 est
741 3189 840 3251 cubito
856 3198 986 3259 curvato,
1010 3187 1049 3248 ita
1066 3198 1099 3250 ut
1114 3187 1264 3248 brachium

127 3308 216 3352 manu
242 3291 390 3371 deperdita
415 3293 553 3354 deorsum
577 3286 688 3356 tendat.
723 3294 801 3354 llaec
822 3293 888 3354 ideo
912 3299 971 3352 tam
995 3298 1129 3352 accurate
1144 3289 1266 3370 exposui

124 3395 205 3473 quod
220 3395 252 3454 iu
268 3395 323 3456 hac
339 3396 464 3456 maxime
487 3398 640 3476 anaglyphi
664 3405 747 3477 parte
763 3405 822 3458 tam
840 3397 926 3472 longe
948 3413 964 3455 a
987 3393 1057 3454 Cob.
1082 3401 1112 3454 et
1133 3393 1211 3454 inter
1233 3412 1266 3454 se

126 3495 268 3558 dillerunt
293 3498 422 3584 reliquae
456 3500 644 3572 imitationes,
680 3510 711 3561 ut
735 3501 779 3562 vix
802 3507 940 3580 appareat
962 3497 1030 3576 quid
1054 3497 1266 3577 interpolatori,

126 3599 195 3680 quid
220 3599 353 3675 librario,
377 3612 410 3664 ut
433 3604 471 3664 ita
495 3605 600 3678 dicam,
626 3605 693 3666 vitio
722 3605 895 3666 vertendum
919 3601 965 3662 sit.
1011 3601 1122 3662 Tamen
1150 3600 1266 3662 etiamsi

126 3723 188 3766 non
224 3713 385 3778 constaret,
420 3725 518 3788 neque
553 3727 609 3769 una
643 3727 760 3788 quaque
793 3706 948 3768 collatione
985 3705 1078 3783 magis
1102 3697 1266 3784 'magisque

127 3819 289 3888 appareret,
321 3819 428 3889 quanta
461 3811 518 3873 fide
552 3812 658 3891 dignus
692 3813 729 3872 sit
752 3811 830 3880 Coh,
858 3809 914 3869 hoc
937 3807 1002 3870 loco
1025 3827 1077 3887 per
1100 3828 1131 3869 se
1153 3815 1267 3887 pateret
1378 3843 1382 3854 ·

126 3912 284 3989 genuinam
309 3932 375 3974 eum
410 3933 543 3976 servasse
573 3915 719 3993 speciem,
753 3914 830 3993 quod
865 3912 1045 3974 diversarum
1072 3929 1264 3992 personarum

127 4023 226 4076 motus
250 4017 329 4078 inter
351 4035 383 4079 se
418 4018 527 4098 optime
561 4019 749 4080 conveniunt.
771 4052 812 4062 —
836 4016 917 4078 Pone
951 4019 1185 4088 adulescentem,
1220 4014 1267 4100 cui

127 4138 265 4182 coronam
300 4123 370 4182 dare
400 4121 527 4185 Victoria
562 4122 693 4196 videtur,
728 4141 742 4182 a
771 4121 870 4184 dextra
905 4122 967 4184 eius
1003 4120 1104 4200 capitis
1137 4118 1266 4180 hominis

126 4223 331 4288 sinistrorsum
366 4226 443 4288 versi
479 4237 567 4306 caput
596 4236 748 4306 comparet
777 4226 942 4298 barbatum,
972 4225 1022 4306 qui
1049 4225 1140 4286 homo
1167 4221 1266 4283 dextra

28 4343 30 4350 ’
125 4329 239 4392 sublata
269 4337 352 4393 curto
379 4331 474 4410 gladio
501 4340 632 4394 armatus
662 4348 793 4412 pugnare
816 4331 932 4392 videtur
957 4347 1024 4390 cum
1046 4327 1150 4407 Satyro
1178 4325 1266 4386 modo

125 4426 369 4496 commemorato.
416 4411 690 4516 Seqditur'elephas
707 4436 912 4497 sinistrorsum
937 4452 1037 4494 versus
1054 4451 1121 4492 cum
1145 4430 1267 4492 homine

126 4538 214 4620 pallio
246 4537 353 4599 vestito
384 4539 432 4619 qui
469 4558 504 4600 ex
538 4539 694 4618 elephanto
725 4541 805 4601 hasta
836 4538 979 4618 impetum
1009 4536 1079 4596 facit
1103 4535 1135 4597 iu
1165 4535 1265 4598 adole-
